3266 4914
650 365 860 438 -211-

296 543 350 608 21.
387 540 501 626 plagii.
547 538 664 606 Venus,
681 538 750 621 ipsa
781 558 908 620 campos
937 537 1024 602 vario
1052 536 1155 602 colore
1177 535 1309 619 pingens

192 645 353 710 inducitur
383 645 478 709 etiam
509 665 529 706 a
558 641 703 706 Lucretio
734 641 876 704 11-14
902 644 935 705 11
956 640 996 704 ab
1019 645 1145 706 auctore
1168 641 1309 723 pervigili

196 748 268 812 Ven.
296 770 325 811 v.
351 747 390 812 13
421 748 497 831 Ipse
525 745 658 830 gemmis
684 749 917 829 purpurantem
946 744 1049 828 pingit
1077 745 1310 828 1111111111-

195 853 248 917 dis
270 873 333 934 eqs.
373 865 376 874 ’

297 953 349 1018 24.
372 952 512 1016 auribus.
550 949 698 1015 Heinsius
720 951 860 1015 eruribus.
906 949 969 1016 Sed
990 949 1088 1014 oculis
1111 972 1201 1014 aures
1218 950 1310 1031 (auge

196 1059 261 1123 und
284 1056 354 1139 chr)
386 1056 466 1120 bene
494 1054 716 1136 adiunguntur,
745 1053 927 1137 praesertim
950 1075 1030 1134 cum,
1053 1054 1108 1118 ubi
1130 1053 1221 1118 flores
1243 1053 1311 1117 dul-

197 1184 310 1244 cesque
332 1182 435 1242 aurae,
458 1159 503 1223 ibi
526 1158 620 1223 etiam
643 1161 755 1223 cantus
777 1158 882 1221 avium
905 1155 956 1241 (ef.
980 1157 1053 1239 Lyd.
1078 1155 1130 1239 17)
1155 1161 1187 1222 et
1208 1157 1311 1240 arguti

196 1265 287 1348 grylli
308 1263 509 1349 (11111174)
532 1263 645 1342 desint,
670 1261 754 1346 quod
776 1265 943 1344 utrumque
965 1261 1005 1327 ad
1027 1283 1188 1327 susurrum
1210 1261 1312 1326 auri·

197 1370 268 1434 bus
290 1389 418 1433 suavem
440 1365 581 1431 refertur.

299 1473 350 1537 25.
395 1470 524 1534 Versum
555 1470 597 1534 25
630 1468 750 1551 (1147)
783 1475 887 1534 verto:
921 1470 987 1535 also
1009 1471 1089 1535 flehe
1110 1470 1170 1551 ich,
1193 1470 1258 1534 und
1279 1469 1312 1532 in

202 1575 274 1639 fullo
296 1582 410 1656 mugen
433 1573 517 1637 diese
544 1573 639 1637 lieder
662 1595 794 1638 unseren
816 1573 985 1638 wr'insehen
1007 1597 1046 1639 zu
1068 1575 1183 1656 gebote
1204 1575 1314 1642 stehen

202 1678 310 1742 multis
341 1677 418 1742 locis
450 1676 488 1741 de
515 1676 572 1742 tali
594 1677 823 1759 significatione
844 1676 932 1741 verbi
954 1679 1121 1760 superandi
1143 1679 1264 1744 collatis
1287 1703 1311 1743 1.

201 1804 230 1866 g.
256 1780 508 1845 0111111115
539 1783 576 1846 de
607 1803 649 1862 ee,
671 1782 853 1886 quaeipsis
873 1788 1008 1867 superui,
1040 1783 1114 1847 aliis
1140 1783 1316 1866 pmlifieeri

94 1931 98 1942 ·
200 1889 314 1952 eelrmi.
359 1884 684 1970 salicumque
717 1888 842 1950 tolerare
861 1891 965 1970 polest,
987 1887 1051 1950 illis
1073 1886 1200 1950 dirrilies
1223 1909 1314 1971 supe-

202 2012 280 2070 rem,
310 1991 399 2054 mobis
428 2011 494 2054 rem
515 1991 709 2074 familiarem
730 1992 853 2055 deesse?
876 1989 935 2074 ¹(ef.
959 1990 1022 2054 Dir.
1045 1990 1086 2054 25
1107 1996 1253 2074 serperent
1274 2026 1313 2037 --

202 2094 355 2174 carmine,
373 2094 412 2157 19
427 2115 483 2158 uec
497 2094 574 2158 desii
587 2093 786 2175 —eemneu).
819 2093 931 2158 Tibull.
945 2093 984 2156 IV
1001 2095 1028 2174 1,
1046 2093 1179 2158 28111
1200 2115 1313 2177 peam-

205 2219 302 2280 puem
332 2197 481 2280 autiquae
505 2198 606 2280 peritis
634 2203 785 2281 supererit
807 2197 998 2261 1111111111.
1034 2197 1123 2280 Verg.
1149 2196 1185 2261 G.
1209 2197 1251 2260 ΙΠ
1275 2197 1315 2261 63

208 2302 331 2365 Iulereu
352 2306 478 2384 serperet
490 2301 632 2384 propitias
648 2302 725 2365 duim
740 2303 818 2366 lecte
832 2302 986 2365 iuuentus.
1021 2300 1195 2366 Declaratio
1211 2304 1317 2365 autem

204 2402 306 2467 Naeki
339 2402 499 2486 (superent
531 2401 608 2468 haec
636 2404 774 2469 carmina
795 2404 878 2468 votis
900 2436 942 2460 ε
965 2407 1091 2486 superet
1112 2403 1171 2468 hoc
1194 2427 1318 2469 carmen

206 2510 282 2572 vota
313 2507 395 2585 mea)
426 2507 662 2590 grammaticam
695 2508 842 2590 neglegit,
876 2507 1030 2573 Ribbecki
1065 2507 1152 2591 (veta
1173 2511 1317 2573 aeternae

207 2610 375 2676 memoriae
397 2609 666 2693 commendantur)
689 2633 708 2675 a
729 2611 790 2675 loci
811 2611 968 2677 sententia
989 2610 1079 2675 valde
1101 2610 1257 2676 abhorret,

309 2713 360 2778 26.
394 2714 556 2789 Lusimus.
584 2715 645 2780 Ae,
683 2713 813 2779 Codices
836 2714 988 2797 praebent
1009 2715 1167 2778 Ludimus
1181 2720 1218 2792 11,
1234 2715 1318 2797 quod

208 2839 279 2882 cum
311 2841 405 2884 sensu
427 2823 540 2900 careat,
572 2819 612 2882 ab
635 2819 807 2884 editoribus
830 2819 943 2884 mutari
965 2813 1046 2883 solet
1067 2819 1099 2881 in
1122 2819 1261 2882 Laribus
1282 2825 1317 2883 11.

208 2921 271 3006 Sed
294 2923 415 2987 lusibus
436 2944 538 3004 neque
560 2945 630 2986 cum
645 2922 741 2986 verbo
768 2921 916 2986 cantandi
931 2922 1008 2986 satis
1024 2922 1170 2986 convenit
1185 2925 1217 2986 et
1231 2922 1320 3014 iuxta

208 3049 323 3092 nemen
356 3028 464 3092 libellis
492 3049 756 3110 supervacaneum
778 3031 834 3093 est
880 3027 979 3104 Quam
1002 3027 1130 3091 obrem
1153 3024 1319 3090 Handiane

209 3132 348 3202 lusimus
380 3136 508 3215 accepto
534 3133 577 3197 eli
605 3131 653 3196 vel
674 3133 734 3197 lieu
755 3153 811 3214 pro
833 3137 861 3196 ei
882 3131 992 3214 legam,
1015 3134 1052 3196 ut
1072 3129 1257 3213 gravissima
1278 3131 1321 3196 sit

207 3240 319 3318 poetae
342 3234 491 3318 querella:
516 3235 601 3301 iocos
617 3257 800 3318 amoresque
815 3234 889 3300 olim
905 3234 1011 3315 cecini,
1034 3256 1118 3298 nunc
1134 3256 1212 3298 cano
1230 3233 1320 3298 Diras

206 3336 257 3420 (cf.
281 3361 309 3402 v.
333 3337 397 3421 25).

306 3441 358 3506 28.
404 3443 532 3508 Faciles
563 3465 637 3508 uem
691 3441 862 3506 Bembinus
897 3444 930 3505 et
964 3440 1167 3504 Monacenses
1203 3439 1323 3504 habent

213 3543 394 3628 Tenemus,
428 3547 525 3612 Paris.
560 3545 680 3611 Thoan.
715 3546 845 3611 Helmst.
887 3546 1074 3610 Tlepolemus.
1132 3543 1322 3623 Gronovius,

209 3666 300 3726 quem
330 3651 362 3713 et
392 3649 445 3713 alii
472 3654 504 3715 et
524 3649 631 3716 Naeke
654 3654 686 3715 et
707 3649 849 3714 Ribbeck
865 3648 964 3713 secuti
980 3651 1061 3728 sunt,
1085 3669 1156 3712 cum
1185 3647 1325 3712 tondebis

210 3749 375 3831 coniceret,
399 3752 533 3835 vestigia
554 3752 704 3818 librorum
726 3753 803 3817 satis
825 3751 918 3816 anxie
940 3751 1062 3834 pressit,
1086 3773 1150 3814 rem
1165 3772 1325 3832 gramma-

211 3851 306 3916 ticam
328 3875 437 3936 parum
459 3856 552 3920 anxie
574 3857 737 3939 quaesivit,
761 3856 788 3920 si
810 3856 928 3920 formae
943 3855 1063 3920 activae
1078 3855 1235 3937 passivam
1250 3876 1321 3917 sen-

209 3956 343 4022 tentiam
379 3959 610 4024 attribuendam
648 3983 716 4025 esse
749 3960 809 4024 sibi
842 3959 1004 4042 persuasit.
1061 3956 1219 4022 Baehrens
1256 3979 1320 4020 non

208 4063 314 4144 inepte
344 4063 508 4145 proposuit
547 4064 621 4128 Nom
641 4065 740 4128 duces.
795 4063 865 4146 Ipse
898 4085 967 4126 eum
990 4062 1154 4126 lectionem
1176 4060 1320 4125 Bembini

209 4165 384 4231 Tomdemus
399 4165 576 4231 coniectura
592 4171 692 4231 ortem
708 4189 776 4231 esse
792 4166 923 4231 arbitrer
945 4189 984 4229 ex
1005 4165 1064 4228 hae
1086 4186 1140 4247 per
1162 4187 1195 4228 se
1217 4164 1320 4228 minus

211 4270 295 4335 clara
327 4272 422 4351 atque
453 4269 494 4334 eb
525 4292 593 4334 eam
616 4271 717 4353 ipsam
739 4292 865 4335 causam
887 4270 1020 4335 fortasse
1041 4268 1208 4333 sinceriore
1231 4267 1318 4331 mei-

205 4376 323 4457 demus‚
346 4373 475 4440 medes
496 4395 562 4440 uem
582 4374 644 4457 legi
666 4373 772 4439 malim
794 4378 827 4440 et
848 4371 1006 4438 conferam
1027 4373 1152 4439 Petron.
1170 4371 1229 4436 131
1253 4372 1322 4458 plri-
