3266 4914
590 366 855 440 '-es-

185 550 375 630 honoratum
398 549 617 614 descendisse?
660 549 806 615 Profecto
829 550 906 615 haec
929 549 1067 613 carmina
1088 545 1219 613 humilia
1240 567 1305 612 non

185 675 253 718 csse
281 657 314 718 et
342 653 409 735 ipse
431 653 533 717 sentio
565 656 598 717 et
630 652 773 717 nonnulli
805 654 864 717 viri
897 653 982 718 docti
1010 652 1236 732 iudicaverunt,
1269 656 1306 716 ut

184 754 337 840 Scaliger:
377 756 462 834 Quae
496 756 622 839 quidem
656 757 788 839 quanvis
822 758 947 840 egregia
980 757 1045 820 sint
1075 759 1108 820 et
1135 755 1303 835 luculenta,

185 864 292 925 tamen
324 883 431 926 eorum
460 861 556 925 nitori
588 861 725 924 maxime
748 861 892 927 officiunt
914 861 1043 940 menda,
1072 863 1104 924 et
1125 861 1302 942 Hieronym.

190 962 344 1030 Columna
365 965 399 1028 in
421 965 503 1028 Enni
525 964 635 1046 fragm.
659 987 688 1047 p.
713 965 775 1029 275
799 964 858 1048 (cd.
883 962 1021 1046 Hessel):
1050 963 1085 1026 ln
1108 985 1170 1046 quo
1193 985 1305 1045 genere

187 1069 347 1150 egregium
372 1067 448 1131 illud
471 1069 652 1151 poemation
675 1069 826 1151 scriptum
849 1072 906 1148 est,
931 1067 1015 1149 quod
1038 1089 1106 1130 cum
1128 1067 1306 1148 Virgiliauis

185 1171 300 1254 legitur
321 1172 413 1236 Dirae
430 1173 633 1255 inscriptum3
658 1176 690 1236 et
708 1172 880 1235 Wakefield
901 1172 939 1235 ad
957 1171 1078 1234 Lucret.
1095 1171 1184 1235 1231
1202 1193 1231 1253 p.
1248 1171 1303 1234 52:

183 1275 216 1338 in
238 1274 330 1354 Diris,
353 1275 527 1339 cultissimo
551 1279 713 1357 poemate3
737 1275 851 1339 etalii.

284 1379 333 1444 Au
367 1379 512 1462 displicet
543 1380 590 1442 vis
624 1379 848 1460 vivacitasque,
883 1402 945 1462 qua
976 1384 1070 1462 poeta
1107 1379 1305 1443 sterilitatem

183 1483 357 1548 siccitatem
380 1481 592 1565 pestilentiam
616 1483 722 1546 omnia
744 1487 847 1547 taetra
869 1484 996 1566 praedio
1020 1483 1224 1548 dilectissimo
1247 1483 1305 1545 im-

182 1592 334 1670 precetur,
370 1586 514 1669 displicet
546 1591 652 1650 aestus
685 1587 791 1667 animi,
829 1609 891 1670 quo
923 1592 959 1652 ut
981 1589 1060 1652 silva
1081 1589 1161 1652 vites
1183 1591 1305 1669 segetes

183 1695 251 1755 tota
276 1690 409 1772 denique
431 1690 506 1754 villa
527 1691 644 1772 rapidis
667 1691 801 1754 flammis
823 1692 994 1773 rapiantur,
1019 1692 1093 1755 deos
1118 1695 1186 1756 oret
1202 1695 1233 1755 et
1248 1691 1304 1756 ob·

185 1797 295 1873 secret,
335 1793 479 1875 displicet
511 1795 651 1858 studium
685 1794 761 1857 illud
796 1793 956 1858 funestum
991 1795 1177 1876 linguaeque
1210 1795 1306 1875 trepi-

138 1911 140 1915 '
171 1895 279 1992 datio,
310 1919 372 1980 qua
395 1920 480 1961 mare
502 1901 536 1962 et
558 1903 699 1962 monstra
721 1899 788 1962 eius
811 1903 843 1964 et
865 1899 995 1961 flumina
1017 1903 1049 1962 et
1072 1898 1175 1962 fontes
1198 1902 1230 1961 et
1251 1920 1306 1980 pa-

184 2001 271 2065 ludes
306 2006 338 2066 et
370 2003 485 2066 imbres
519 2004 552 2067 in
585 2025 678 2085 agros
710 2003 932 2084 pervertendos
966 2003 1141 2066 convocet?
1193 2002 1305 2066 Nonne

182 2105 278 2169 animi
310 2109 415 2169 motus
449 2106 574 2188 placent
612 2106 783 2188 mollesque
814 2106 978 2187 querellae,
1009 2105 1124 2188 quibus
1151 2105 1306 2169 valedicat

185 2208 277 2270 villae
309 2208 392 2272 dulci
424 2210 606 2292 puellaeque
639 2209 791 2273 dulciori?
834 2210 943 2292 Neque
966 2232 1040 2274 vero
1064 2210 1193 2273 minoris
1213 2210 1305 2291 pretii

181 2310 311 2394 Lydiam
336 2334 403 2374 esse
426 2313 525 2394 magis
541 2313 740 2377 sentiendum
756 2318 803 2377 est
826 2314 1059 2396 sapientissimo
1082 2315 1194 2395 cuique
1211 2335 1305 2395 quam

183 2415 260 2479 mihi
292 2415 578 2481 demonstrandum.
644 2417 872 2500 Argumentum
913 2417 1046 2500 denique
1078 2418 1222 2481 Dirarum
1257 2421 1306 2480 est

182 2519 325 2602 simplex,
358 2520 414 2582 sed
441 2543 562 2584 summa
590 2521 621 2583 in
644 2522 818 2584 variatione
847 2527 879 2586 et
901 2522 1067 2586 iteratione
1090 2544 1140 2584 ars
1163 2520 1306 2603 agnosci-

181 2624 243 2700 tur,
267 2625 362 2704 atque
385 2622 416 2685 in
432 2622 531 2704 Lydia
552 2624 660 2687 thema
682 2625 871 2688 amatorium
895 2647 959 2688 uon
977 2626 1080 2688 minus
1097 2628 1146 2689 est
1161 2622 1304 2706 simplex,

183 2745 285 2805 neque
311 2746 383 2787 vero
405 2727 545 2790 variatur
574 2731 707 2807 tantum,
742 2728 914 2792 sedetiam
948 2728 1132 2792 excursibus
1154 2726 1306 2790 fabulosis

182 2829 392 2909 exspatiando
416 2830 662 2913 interrumpitur.
703 2831 813 2914 ltaque
829 2834 895 2895 eius
911 2833 1034 2914 generis
1051 2853 1209 2910 excursus
1227 2853 1306 2913 quos

184 2931 217 2994 in
239 2931 383 2995 Dirarum
418 2934 652 2998 incantamento
681 2936 811 2999 vetabat
841 2935 905 2999 fere
933 2936 983 2998 lex
1015 2935 1164 3017 simplicis
1192 2935 1307 3017 repeti-

184 3034 291 3115 tionis,
314 3036 347 3100 in
370 3037 523 3100 amatorio
540 3041 572 3101 et
586 3059 684 3119 paene
702 3039 839 3121 elegiaco
856 3040 992 3102 carmine
1008 3043 1101 3122 poeta
1117 3039 1197 3101 idem
1214 3060 1306 3101 suum

184 3163 251 3204 esse
274 3142 397 3223 putavit
420 3146 639 3224 optemperans
662 3144 777 3207 saeculi
800 3144 935 3226 iugenio.

285 3243 348 3309 Sed
377 3267 416 3308 ne
450 3245 555 3309 nimiis
586 3246 731 3310 laudibus
760 3252 886 3329 poetam
916 3248 1080 3311 efferamus
1102 3269 1188 3326 neve,
1213 3267 1304 3327 quem

186 3347 324 3411 ordinem
356 3369 426 3411 cum
457 3349 650 3431 principibus
682 3354 845 3432 poetarum
874 3354 1073 3433 comparatus
1103 3355 1219 3430 teneat,
1253 3372 1307 3412 ne-

186 3450 264 3512 scire
286 3451 455 3530 videamur,
480 3474 505 3515 e.
522 3473 551 3534 g.
576 3451 767 3535 Theognidis
783 3453 975 3535 Megarensis
998 3454 1101 3517 locum
1123 3453 1186 3517 Dir.
1204 3453 1307 3517 versui

185 3552 227 3616 80
249 3557 281 3616 et
314 3555 517 3636 sequentibus
549 3578 612 3619 non
643 3556 836 3636 dissimilem,
870 3557 924 3620 sed
947 3558 1101 3621 brevitate
1123 3556 1223 3620 multo
1246 3555 1322 3638 ele-¹

184 3655 328 3736 gantiore
351 3659 555 3723 excellentem
578 3660 820 3737 nominabimus
844 3660 899 3723 ubi
923 3659 1082 3742 Theognis
1105 3660 1188 3742 agris
1211 3681 1305 3723 cunc-

183 3759 289 3841 tisque
311 3759 445 3825 fortunis
468 3763 584 3828 relictis
609 3787 642 3828 se
664 3764 741 3827 nihil
765 3763 826 3827 sibi
848 3786 988 3827 servasse
1010 3764 1071 3827 nisi
1091 3764 1189 3828 vitam
1205 3764 1305 3845 ipsam

183 3863 391 3946 pulcherrima
420 3867 507 3930 canis
530 3866 680 3949 fugientis
703 3867 861 3949 descripta
882 3867 1019 3950 imagine
1041 3867 1252 3948 conqueritur,
1275 3888 1303 3928 v.

182 3964 244 4030 345
267 3988 334 4048 sqq.

286 4058 364 4132 αἶσα
386 4058 449 4153 γαρ
472 4059 575 4142 οὕτως
598 4067 675 4133 ἐστι’·
706 4067 792 4146 τίσις
814 4060 886 4136 d'od
909 4068 1060 4158 φαίνεται
1081 4063 1157 4158 ἡμῖν

335 4159 471 4256 sindonis,
496 4162 530 4234 οἳ
550 4161 639 4253 cripui
660 4162 795 4260 χρήματ’
817 4168 925 4256 ε”χσσσι
946 4173 1001 4263 βίῃ

282 4265 486 4362 συλήσαντες·
513 4272 574 4359 ἐγώ
598 4275 633 4340 δὲ
656 4268 902 4366 admirandoque
924 4269 1098 4366 χαράδρην,

336 4368 508 4465 χειμᾶῥρῳ
531 4381 669 4464 ποταμῷ
692 4372 785 4446 πάντ’
809 4373 1084 4466 incurrerimus·

1057 4493 1077 4536 a
