<?xml version="1.0" encoding="UTF-8"?>
<!DOCTYPE html PUBLIC "-//W3C//DTD XHTML 1.0 Transitional//EN"
    "http://www.w3.org/TR/xhtml1/DTD/xhtml1-transitional.dtd">
<html xmlns="http://www.w3.org/1999/xhtml" xml:lang="en" lang="en">
 <head>
  <title>
</title>
<meta http-equiv="Content-Type" content="text/html;charset=utf-8" />
  <meta name='ocr-system' content='tesseract 3.04.00' />
  <meta name='ocr-capabilities' content='ocr_page ocr_carea ocr_par ocr_line ocrx_word'/>
</head>
<body>
  <div class='ocr_page' id='page_1' title='image "./devaleriocatone00eskugoog_0016.png"; bbox 0 0 3266 4914; ppageno 0'>
   <div class='ocr_carea' id='block_1_1' title="bbox 687 337 877 402">
    <p class='ocr_par' dir='ltr' id='par_1_1' title="bbox 687 337 877 402">
     <span class='ocr_line' id='line_1_1' title="bbox 687 337 877 402; baseline -0.005 -18"><span class='ocrx_word' id='word_1_1' title='bbox 687 337 877 402; x_wconf 82' lang='grc'><strong>..9.-</strong></span> 
     </span>
    </p>
   </div>
   <div class='ocr_carea' id='block_1_2' title="bbox 171 505 1346 4426">
    <p class='ocr_par' dir='ltr' id='par_1_2' title="bbox 171 505 1346 4426">
     <span class='ocr_line' id='line_1_2' title="bbox 225 505 1338 594; baseline -0.004 -18"><span class='ocrx_word' id='word_1_2' title='bbox 225 534 265 576; x_wconf 91' lang='lat' dir='ltr'>ne</span> <span class='ocrx_word' id='word_1_3' title='bbox 293 511 363 594; x_wconf 89' lang='lat' dir='ltr'>quis</span> <span class='ocrx_word' id='word_1_4' title='bbox 386 514 507 594; x_wconf 86' lang='lat' dir='ltr'>patrem</span> <span class='ocrx_word' id='word_1_5' title='bbox 536 509 593 574; x_wconf 90' lang='lat' dir='ltr'>alit</span> <span class='ocrx_word' id='word_1_6' title='bbox 579 513 626 574; x_wconf 90' lang='lat' dir='ltr'>ter</span> <span class='ocrx_word' id='word_1_7' title='bbox 659 509 821 592; x_wconf 88' lang='lat' dir='ltr'>intellegat</span> <span class='ocrx_word' id='word_1_8' title='bbox 849 532 885 574; x_wconf 90' lang='lat' dir='ltr'>ac</span> <span class='ocrx_word' id='word_1_9' title='bbox 914 512 971 594; x_wconf 87' lang='lat' dir='ltr'>pat</span> <span class='ocrx_word' id='word_1_10' title='bbox 972 530 1036 573; x_wconf 92' lang='lat' dir='ltr'>rem</span> <span class='ocrx_word' id='word_1_11' title='bbox 1064 509 1218 592; x_wconf 88' lang='lat' dir='ltr'>gregiso</span> <span class='ocrx_word' id='word_1_12' title='bbox 1190 505 1239 589; x_wconf 73' lang='lat' dir='ltr'>(oi</span> <span class='ocrx_word' id='word_1_13' title='bbox 1262 507 1338 591; x_wconf 84' lang='lat' dir='ltr'>Lyd</span> 
     </span>
     <span class='ocr_line' id='line_1_3' title="bbox 171 611 1341 694; baseline -0.004 -14"><span class='ocrx_word' id='word_1_14' title='bbox 171 655 174 660; x_wconf 94' lang='lat'>·</span> <span class='ocrx_word' id='word_1_15' title='bbox 225 639 253 680; x_wconf 90' lang='lat' dir='ltr'>v.</span> <span class='ocrx_word' id='word_1_16' title='bbox 277 615 319 680; x_wconf 84' lang='lat'>28</span> <span class='ocrx_word' id='word_1_17' title='bbox 341 618 373 678; x_wconf 91' lang='lat' dir='ltr'>et</span> <span class='ocrx_word' id='word_1_18' title='bbox 394 615 455 694; x_wconf 84' lang='lat'>31),</span> <span class='ocrx_word' id='word_1_19' title='bbox 479 614 539 677; x_wconf 88' lang='lat' dir='ltr'>scit</span> <span class='ocrx_word' id='word_1_20' title='bbox 541 637 557 676; x_wconf 92' lang='lat' dir='ltr'>e</span> <span class='ocrx_word' id='word_1_21' title='bbox 572 617 662 677; x_wconf 89' lang='lat' dir='ltr'>cavet</span> <span class='ocrx_word' id='word_1_22' title='bbox 648 613 745 678; x_wconf 89' lang='lat' dir='ltr'>tKeil</span> <span class='ocrx_word' id='word_1_23' title='bbox 768 613 845 677; x_wconf 87' lang='lat' dir='ltr'>haee</span> <span class='ocrx_word' id='word_1_24' title='bbox 869 613 997 677; x_wconf 90' lang='lat' dir='ltr'>docens:</span> <span class='ocrx_word' id='word_1_25' title='bbox 1021 613 1165 694; x_wconf 88' lang='lat' dir='ltr'>obgleich</span> <span class='ocrx_word' id='word_1_26' title='bbox 1179 611 1341 676; x_wconf 88' lang='lat' dir='ltr'>Niemand</span> 
     </span>
     <span class='ocr_line' id='line_1_4' title="bbox 224 715 1340 803; baseline -0.004 -21"><span class='ocrx_word' id='word_1_27' title='bbox 224 721 314 803; x_wconf 88' lang='lat' dir='ltr'>pater</span> <span class='ocrx_word' id='word_1_28' title='bbox 345 716 426 782; x_wconf 94' lang='lat' dir='ltr'>ohne</span> <span class='ocrx_word' id='word_1_29' title='bbox 456 716 531 781; x_wconf 89' lang='lat' dir='ltr'>weit</span> <span class='ocrx_word' id='word_1_30' title='bbox 532 739 604 780; x_wconf 89' lang='lat' dir='ltr'>eren</span> <span class='ocrx_word' id='word_1_31' title='bbox 634 717 748 781; x_wconf 86' lang='lat' dir='ltr'>Zusatz</span> <span class='ocrx_word' id='word_1_32' title='bbox 780 715 830 780; x_wconf 79' lang='lat' dir='ltr'>fiir</span> <span class='ocrx_word' id='word_1_33' title='bbox 861 715 1081 798; x_wconf 90' lang='lat' dir='ltr'>gleichbedeut</span> <span class='ocrx_word' id='word_1_34' title='bbox 1067 716 1143 780; x_wconf 91' lang='lat' dir='ltr'>tend</span> <span class='ocrx_word' id='word_1_35' title='bbox 1171 715 1230 779; x_wconf 92' lang='lat' dir='ltr'>mit</span> <span class='ocrx_word' id='word_1_36' title='bbox 1251 718 1340 797; x_wconf 90' lang='lat' dir='ltr'>pater</span> 
     </span>
     <span class='ocr_line' id='line_1_5' title="bbox 225 817 1339 906; baseline -0.005 -20"><span class='ocrx_word' id='word_1_37' title='bbox 225 822 329 906; x_wconf 89' lang='lat' dir='ltr'>gregis</span> <span class='ocrx_word' id='word_1_38' title='bbox 359 820 467 886; x_wconf 84' lang='lat' dir='ltr'>hulten</span> <span class='ocrx_word' id='word_1_39' title='bbox 492 820 570 884; x_wconf 88' lang='lat' dir='ltr'>wird</span> <span class='ocrx_word' id='word_1_40' title='bbox 587 871 593 884; x_wconf 90' lang='lat'>.</span> <span class='ocrx_word' id='word_1_41' title='bbox 613 872 619 885; x_wconf 92' lang='lat'>.</span> <span class='ocrx_word' id='word_1_42' title='bbox 637 871 655 901; x_wconf 87' lang='lat'>.,</span> <span class='ocrx_word' id='word_1_43' title='bbox 684 843 719 885; x_wconf 92' lang='lat' dir='ltr'>so</span> <span class='ocrx_word' id='word_1_44' title='bbox 742 820 820 903; x_wconf 91' lang='lat' dir='ltr'>liegt</span> <span class='ocrx_word' id='word_1_45' title='bbox 841 820 922 884; x_wconf 90' lang='lat' dir='ltr'>doch</span> <span class='ocrx_word' id='word_1_46' title='bbox 945 821 1028 885; x_wconf 88' lang='lat' dir='ltr'>diese</span> <span class='ocrx_word' id='word_1_47' title='bbox 1050 820 1237 900; x_wconf 89' lang='lat' dir='ltr'>Bedeutung</span> <span class='ocrx_word' id='word_1_48' title='bbox 1259 817 1339 881; x_wconf 87' lang='lat' dir='ltr'>nahe</span> 
     </span>
     <span class='ocr_line' id='line_1_6' title="bbox 224 921 1341 1008; baseline -0.005 -19"><span class='ocrx_word' id='word_1_49' title='bbox 224 946 338 1008; x_wconf 89' lang='lat' dir='ltr'>genug,</span> <span class='ocrx_word' id='word_1_50' title='bbox 368 946 459 986; x_wconf 91' lang='lat' dir='ltr'>wenn</span> <span class='ocrx_word' id='word_1_51' title='bbox 488 923 531 986; x_wconf 91' lang='lat' dir='ltr'>im</span> <span class='ocrx_word' id='word_1_52' title='bbox 548 923 828 1006; x_wconf 82' lang='lat' dir='ltr'>&#39;vorhergehenden</span> <span class='ocrx_word' id='word_1_53' title='bbox 851 922 1028 1005; x_wconf 85' lang='lat' dir='ltr'>Satzgliede</span> <span class='ocrx_word' id='word_1_54' title='bbox 1049 945 1113 987; x_wconf 93' lang='lat' dir='ltr'>von</span> <span class='ocrx_word' id='word_1_55' title='bbox 1134 921 1188 986; x_wconf 93' lang='lat' dir='ltr'>der</span> <span class='ocrx_word' id='word_1_56' title='bbox 1210 921 1341 1002; x_wconf 88' lang='lat' dir='ltr'>Ziegen-</span> 
     </span>
     <span class='ocr_line' id='line_1_7' title="bbox 225 1023 1341 1110; baseline -0.005 -16"><span class='ocrx_word' id='word_1_57' title='bbox 225 1030 320 1094; x_wconf 89' lang='lat' dir='ltr'>herde</span> <span class='ocrx_word' id='word_1_58' title='bbox 342 1027 391 1091; x_wconf 90' lang='lat' dir='ltr'>die</span> <span class='ocrx_word' id='word_1_59' title='bbox 413 1027 499 1091; x_wconf 89' lang='lat' dir='ltr'>Rede</span> <span class='ocrx_word' id='word_1_60' title='bbox 521 1027 572 1108; x_wconf 88' lang='lat' dir='ltr'>ist,</span> <span class='ocrx_word' id='word_1_61' title='bbox 592 1027 626 1109; x_wconf 87' lang='lat' dir='ltr'>ja</span> <span class='ocrx_word' id='word_1_62' title='bbox 649 1027 698 1091; x_wconf 90' lang='lat' dir='ltr'>die</span> <span class='ocrx_word' id='word_1_63' title='bbox 721 1027 786 1091; x_wconf 92' lang='lat' dir='ltr'>lose</span> <span class='ocrx_word' id='word_1_64' title='bbox 808 1025 1025 1110; x_wconf 80' lang='lat' dir='ltr'>Ankniipfung</span> <span class='ocrx_word' id='word_1_65' title='bbox 1047 1025 1106 1090; x_wconf 92' lang='lat' dir='ltr'>mit</span> <span class='ocrx_word' id='word_1_66' title='bbox 1120 1029 1218 1108; x_wconf 92' lang='lat' dir='ltr'>tuque</span> <span class='ocrx_word' id='word_1_67' title='bbox 1234 1023 1341 1088; x_wconf 87' lang='lat' dir='ltr'>macht</span> 
     </span>
     <span class='ocr_line' id='line_1_8' title="bbox 226 1128 1341 1214; baseline -0.004 -18"><span class='ocrx_word' id='word_1_68' title='bbox 226 1133 321 1196; x_wconf 86' lang='lat' dir='ltr'>kaurn</span> <span class='ocrx_word' id='word_1_69' title='bbox 343 1132 421 1196; x_wconf 89' lang='lat' dir='ltr'>eine</span> <span class='ocrx_word' id='word_1_70' title='bbox 443 1132 557 1196; x_wconf 81' lang='lat' dir='ltr'>andere</span> <span class='ocrx_word' id='word_1_71' title='bbox 578 1131 759 1214; x_wconf 85' lang='lat' dir='ltr'>Beziehung</span> <span class='ocrx_word' id='word_1_72' title='bbox 782 1131 927 1214; x_wconf 76' lang='lat' dir='ltr'>moglich.</span> <span class='ocrx_word' id='word_1_73' title='bbox 974 1129 1119 1195; x_wconf 88' lang='lat' dir='ltr'>Ceterum</span> <span class='ocrx_word' id='word_1_74' title='bbox 1142 1129 1272 1194; x_wconf 89' lang='lat' dir='ltr'>eandem</span> <span class='ocrx_word' id='word_1_75' title='bbox 1295 1128 1341 1192; x_wconf 90' lang='lat' dir='ltr'>di-</span> 
     </span>
     <span class='ocr_line' id='line_1_9' title="bbox 227 1232 1341 1319; baseline -0.004 -19"><span class='ocrx_word' id='word_1_76' title='bbox 227 1237 318 1302; x_wconf 87' lang='lat' dir='ltr'>cendi</span> <span class='ocrx_word' id='word_1_77' title='bbox 339 1236 526 1300; x_wconf 90' lang='lat' dir='ltr'>brevitatem</span> <span class='ocrx_word' id='word_1_78' title='bbox 549 1236 632 1319; x_wconf 88' lang='lat' dir='ltr'>apud</span> <span class='ocrx_word' id='word_1_79' title='bbox 654 1235 718 1300; x_wconf 82' lang='lat' dir='ltr'>Vel.</span> <span class='ocrx_word' id='word_1_80' title='bbox 742 1236 889 1300; x_wconf 82' lang='lat' dir='ltr'>Flaccum</span> <span class='ocrx_word' id='word_1_81' title='bbox 912 1236 926 1299; x_wconf 93' lang='lat' dir='ltr'>I</span> <span class='ocrx_word' id='word_1_82' title='bbox 952 1236 994 1299; x_wconf 83' lang='lat'>89</span> <span class='ocrx_word' id='word_1_83' title='bbox 1009 1257 1055 1317; x_wconf 92' lang='lat' dir='ltr'>sq.</span> <span class='ocrx_word' id='word_1_84' title='bbox 1084 1234 1191 1298; x_wconf 88' lang='lat' dir='ltr'>Naeke</span> <span class='ocrx_word' id='word_1_85' title='bbox 1213 1232 1341 1296; x_wconf 86' lang='lat' dir='ltr'>investi-</span> 
     </span>
     <span class='ocr_line' id='line_1_10' title="bbox 227 1339 1341 1424; baseline -0.004 -21"><span class='ocrx_word' id='word_1_86' title='bbox 227 1340 329 1422; x_wconf 83' lang='lat' dir='ltr'>gavit:</span> <span class='ocrx_word' id='word_1_87' title='bbox 353 1341 438 1404; x_wconf 76' lang='lat' dir='ltr'>dabir</span> <span class='ocrx_word' id='word_1_88' title='bbox 452 1341 574 1404; x_wconf 78' lang='lat' dir='ltr'>duratis</span> <span class='ocrx_word' id='word_1_89' title='bbox 588 1346 616 1405; x_wconf 82' lang='lat' dir='ltr'>et</span> <span class='ocrx_word' id='word_1_90' title='bbox 634 1341 780 1405; x_wconf 74' lang='lat' dir='ltr'>cornubus</span> <span class='ocrx_word' id='word_1_91' title='bbox 794 1341 864 1424; x_wconf 76' lang='lat' dir='ltr'>ipni</span> <span class='ocrx_word' id='word_1_92' title='bbox 881 1340 962 1404; x_wconf 82' lang='lat' dir='ltr'>Collo</span> <span class='ocrx_word' id='word_1_93' title='bbox 972 1345 1064 1424; x_wconf 80' lang='lat' dir='ltr'>pater</span> <span class='ocrx_word' id='word_1_94' title='bbox 1083 1339 1227 1422; x_wconf 80' lang='lat' dir='ltr'>niveique</span> <span class='ocrx_word' id='word_1_95' title='bbox 1239 1357 1341 1420; x_wconf 70' lang='lat' dir='ltr'>propes</span> 
     </span>
     <span class='ocr_line' id='line_1_11' title="bbox 226 1440 1339 1527; baseline -0.005 -19"><span class='ocrx_word' id='word_1_96' title='bbox 226 1443 339 1508; x_wconf 79' lang='lat' dir='ltr'>ultorio</span> <span class='ocrx_word' id='word_1_97' title='bbox 361 1443 487 1526; x_wconf 67' lang='lat' dir='ltr'>tineent.</span> <span class='ocrx_word' id='word_1_98' title='bbox 533 1441 623 1507; x_wconf 82' lang='lat' dir='ltr'>Addo</span> <span class='ocrx_word' id='word_1_99' title='bbox 650 1441 714 1507; x_wconf 86' lang='lat' dir='ltr'>Col.</span> <span class='ocrx_word' id='word_1_100' title='bbox 731 1442 771 1506; x_wconf 92' lang='lat' dir='ltr'>Vl</span> <span class='ocrx_word' id='word_1_101' title='bbox 786 1442 874 1523; x_wconf 87' lang='grc'>37,4</span> <span class='ocrx_word' id='word_1_102' title='bbox 894 1443 994 1527; x_wconf 66' lang='lat' dir='ltr'>potate</span> <span class='ocrx_word' id='word_1_103' title='bbox 1012 1442 1168 1526; x_wconf 83' lang='lat' dir='ltr'>praeferat</span> <span class='ocrx_word' id='word_1_104' title='bbox 1189 1440 1339 1504; x_wconf 73' lang='lat' dir='ltr'>bobilam.</span> 
     </span>
     <span class='ocr_line' id='line_1_12' title="bbox 329 1545 1342 1627; baseline -0.005 -17"><span class='ocrx_word' id='word_1_105' title='bbox 329 1546 477 1610; x_wconf 78' lang='lat' dir='ltr'>Attamen</span> <span class='ocrx_word' id='word_1_106' title='bbox 505 1568 620 1626; x_wconf 89' lang='lat' dir='ltr'>vereor,</span> <span class='ocrx_word' id='word_1_107' title='bbox 655 1569 695 1610; x_wconf 94' lang='lat' dir='ltr'>ne</span> <span class='ocrx_word' id='word_1_108' title='bbox 724 1546 871 1626; x_wconf 87' lang='lat' dir='ltr'>existant,</span> <span class='ocrx_word' id='word_1_109' title='bbox 909 1545 963 1627; x_wconf 93' lang='lat' dir='ltr'>qui</span> <span class='ocrx_word' id='word_1_110' title='bbox 984 1567 1110 1609; x_wconf 89' lang='lat' dir='ltr'>carmen</span> <span class='ocrx_word' id='word_1_111' title='bbox 1137 1567 1209 1608; x_wconf 87' lang='lat' dir='ltr'>vere</span> <span class='ocrx_word' id='word_1_112' title='bbox 1238 1564 1342 1607; x_wconf 91' lang='lat' dir='ltr'>amoe-</span> 
     </span>
     <span class='ocr_line' id='line_1_13' title="bbox 228 1631 1342 1731; baseline -0.002 -20"><span class='ocrx_word' id='word_1_113' title='bbox 228 1648 342 1713; x_wconf 90' lang='lat' dir='ltr'>baeum</span> <span class='ocrx_word' id='word_1_114' title='bbox 372 1649 525 1714; x_wconf 72' lang='lat' dir='ltr'>extricare</span> <span class='ocrx_word' id='word_1_115' title='bbox 550 1649 686 1731; x_wconf 88' lang='lat' dir='ltr'>cupiant.</span> <span class='ocrx_word' id='word_1_116' title='bbox 738 1647 896 1730; x_wconf 75' lang='lat' dir='ltr'>Valdeque</span> <span class='ocrx_word' id='word_1_117' title='bbox 921 1647 1066 1728; x_wconf 91' lang='lat' dir='ltr'>dolerem,</span> <span class='ocrx_word' id='word_1_118' title='bbox 1100 1647 1128 1712; x_wconf 88' lang='lat' dir='ltr'>si</span> <span class='ocrx_word' id='word_1_119' title='bbox 1148 1647 1220 1728; x_wconf 85' lang='lat' dir='ltr'>tale,</span> <span class='ocrx_word' id='word_1_120' title='bbox 1251 1631 1342 1729; x_wconf 88' lang='lat' dir='ltr'>qualo</span> 
     </span>
     <span class='ocr_line' id='line_1_14' title="bbox 226 1750 1342 1836; baseline -0.002 -21"><span class='ocrx_word' id='word_1_121' title='bbox 226 1751 293 1834; x_wconf 88' lang='lat' dir='ltr'>ipse</span> <span class='ocrx_word' id='word_1_122' title='bbox 323 1775 387 1816; x_wconf 93' lang='lat' dir='ltr'>non</span> <span class='ocrx_word' id='word_1_123' title='bbox 418 1751 513 1816; x_wconf 88' lang='lat' dir='ltr'>semel</span> <span class='ocrx_word' id='word_1_124' title='bbox 543 1752 708 1836; x_wconf 87' lang='lat' dir='ltr'>temptavi,</span> <span class='ocrx_word' id='word_1_125' title='bbox 733 1752 835 1816; x_wconf 91' lang='lat' dir='ltr'>denuo</span> <span class='ocrx_word' id='word_1_126' title='bbox 858 1752 897 1815; x_wconf 92' lang='lat' dir='ltr'>ab</span> <span class='ocrx_word' id='word_1_127' title='bbox 921 1751 982 1816; x_wconf 87' lang='lat' dir='ltr'>alio</span> <span class='ocrx_word' id='word_1_128' title='bbox 1005 1754 1218 1834; x_wconf 74' lang='lat' dir='ltr'>temptaretur.</span> <span class='ocrx_word' id='word_1_129' title='bbox 1261 1750 1342 1814; x_wconf 87' lang='lat' dir='ltr'>Nam</span> 
     </span>
     <span class='ocr_line' id='line_1_15' title="bbox 227 1853 1341 1937; baseline -0.001 -19"><span class='ocrx_word' id='word_1_130' title='bbox 227 1856 350 1920; x_wconf 87' lang='lat' dir='ltr'>etiamsi</span> <span class='ocrx_word' id='word_1_131' title='bbox 372 1856 520 1920; x_wconf 86' lang='lat' dir='ltr'>audacter</span> <span class='ocrx_word' id='word_1_132' title='bbox 542 1855 746 1920; x_wconf 87' lang='lat' dir='ltr'>coniectando</span> <span class='ocrx_word' id='word_1_133' title='bbox 770 1859 802 1920; x_wconf 92' lang='lat' dir='ltr'>et</span> <span class='ocrx_word' id='word_1_134' title='bbox 817 1859 959 1920; x_wconf 87' lang='lat' dir='ltr'>contorte</span> <span class='ocrx_word' id='word_1_135' title='bbox 975 1854 1208 1937; x_wconf 88' lang='lat' dir='ltr'>interpretando</span> <span class='ocrx_word' id='word_1_136' title='bbox 1224 1853 1341 1917; x_wconf 92' lang='lat' dir='ltr'>mentio</span> 
     </span>
     <span class='ocr_line' id='line_1_16' title="bbox 229 1958 1341 2041; baseline -0.002 -20"><span class='ocrx_word' id='word_1_137' title='bbox 229 1958 356 2024; x_wconf 89' lang='lat' dir='ltr'>alterius</span> <span class='ocrx_word' id='word_1_138' title='bbox 372 1959 533 2023; x_wconf 88' lang='lat' dir='ltr'>cuiusdam</span> <span class='ocrx_word' id='word_1_139' title='bbox 549 1959 686 2022; x_wconf 88' lang='lat' dir='ltr'>cantoris</span> <span class='ocrx_word' id='word_1_140' title='bbox 709 1959 896 2041; x_wconf 84' lang='lat' dir='ltr'>aliquotiens</span> <span class='ocrx_word' id='word_1_141' title='bbox 918 1959 951 2022; x_wconf 93' lang='lat' dir='ltr'>in</span> <span class='ocrx_word' id='word_1_142' title='bbox 966 1979 1091 2022; x_wconf 89' lang='lat' dir='ltr'>carmen</span> <span class='ocrx_word' id='word_1_143' title='bbox 1112 1958 1341 2040; x_wconf 88' lang='lat' dir='ltr'>importaretur,</span> 
     </span>
     <span class='ocr_line' id='line_1_17' title="bbox 227 2060 1343 2142; baseline -0.001 -17"><span class='ocrx_word' id='word_1_144' title='bbox 227 2062 289 2127; x_wconf 92' lang='lat' dir='ltr'>duo</span> <span class='ocrx_word' id='word_1_145' title='bbox 311 2063 360 2127; x_wconf 92' lang='lat' dir='ltr'>vel</span> <span class='ocrx_word' id='word_1_146' title='bbox 382 2066 446 2127; x_wconf 90' lang='lat' dir='ltr'>tres</span> <span class='ocrx_word' id='word_1_147' title='bbox 473 2062 542 2142; x_wconf 88' lang='lat' dir='ltr'>loci,</span> <span class='ocrx_word' id='word_1_148' title='bbox 574 2062 629 2125; x_wconf 92' lang='lat' dir='ltr'>ubi</span> <span class='ocrx_word' id='word_1_149' title='bbox 658 2062 711 2125; x_wconf 91' lang='lat' dir='ltr'>illa</span> <span class='ocrx_word' id='word_1_150' title='bbox 743 2063 854 2126; x_wconf 87' lang='lat' dir='ltr'>umbra</span> <span class='ocrx_word' id='word_1_151' title='bbox 887 2061 990 2126; x_wconf 84' lang='lat' dir='ltr'>offerri</span> <span class='ocrx_word' id='word_1_152' title='bbox 1021 2062 1187 2142; x_wconf 87' lang='lat' dir='ltr'>videretur,</span> <span class='ocrx_word' id='word_1_153' title='bbox 1220 2060 1343 2124; x_wconf 85' lang='lat' dir='ltr'>Batturi</span> 
     </span>
     <span class='ocr_line' id='line_1_18' title="bbox 227 2165 1342 2249; baseline -0.002 -20"><span class='ocrx_word' id='word_1_154' title='bbox 227 2166 448 2231; x_wconf 90' lang='lat' dir='ltr'>allocutionem</span> <span class='ocrx_word' id='word_1_155' title='bbox 463 2170 529 2230; x_wconf 86' lang='lat' dir='ltr'>tam</span> <span class='ocrx_word' id='word_1_156' title='bbox 547 2166 688 2229; x_wconf 89' lang='lat' dir='ltr'>crebram</span> <span class='ocrx_word' id='word_1_157' title='bbox 702 2169 830 2249; x_wconf 87' lang='lat' dir='ltr'>tamque</span> <span class='ocrx_word' id='word_1_158' title='bbox 845 2165 1044 2229; x_wconf 82' lang='lat' dir='ltr'>manifestam</span> <span class='ocrx_word' id='word_1_159' title='bbox 1059 2165 1187 2228; x_wconf 90' lang='lat' dir='ltr'>minime</span> <span class='ocrx_word' id='word_1_160' title='bbox 1209 2186 1342 2246; x_wconf 90' lang='lat' dir='ltr'>aequare</span> 
     </span>
     <span class='ocr_line' id='line_1_19' title="bbox 227 2267 1341 2353; baseline -0.001 -20"><span class='ocrx_word' id='word_1_161' title='bbox 227 2274 364 2352; x_wconf 85' lang='lat' dir='ltr'>possent.</span> <span class='ocrx_word' id='word_1_162' title='bbox 408 2269 518 2353; x_wconf 89' lang='lat' dir='ltr'>Itaque</span> <span class='ocrx_word' id='word_1_163' title='bbox 542 2270 689 2351; x_wconf 89' lang='lat' dir='ltr'>quoniam</span> <span class='ocrx_word' id='word_1_164' title='bbox 713 2269 814 2333; x_wconf 91' lang='lat' dir='ltr'>omnis</span> <span class='ocrx_word' id='word_1_165' title='bbox 837 2290 1038 2353; x_wconf 90' lang='lat' dir='ltr'>personarum</span> <span class='ocrx_word' id='word_1_166' title='bbox 1062 2268 1222 2332; x_wconf 89' lang='lat' dir='ltr'>distinctio</span> <span class='ocrx_word' id='word_1_167' title='bbox 1245 2267 1341 2348; x_wconf 89' lang='lat' dir='ltr'>deest,</span> 
     </span>
     <span class='ocr_line' id='line_1_20' title="bbox 230 2371 1341 2456; baseline -0.002 -20"><span class='ocrx_word' id='word_1_168' title='bbox 230 2374 377 2455; x_wconf 90' lang='lat' dir='ltr'>quoniam</span> <span class='ocrx_word' id='word_1_169' title='bbox 408 2373 496 2437; x_wconf 89' lang='lat' dir='ltr'>deest</span> <span class='ocrx_word' id='word_1_170' title='bbox 528 2395 642 2437; x_wconf 92' lang='lat' dir='ltr'>nomen</span> <span class='ocrx_word' id='word_1_171' title='bbox 670 2373 821 2456; x_wconf 86' lang='lat' dir='ltr'>imprimis</span> <span class='ocrx_word' id='word_1_172' title='bbox 850 2373 977 2438; x_wconf 89' lang='lat' dir='ltr'>alterius</span> <span class='ocrx_word' id='word_1_173' title='bbox 1010 2372 1157 2451; x_wconf 82' lang='lat' dir='ltr'>cantorie,</span> <span class='ocrx_word' id='word_1_174' title='bbox 1195 2371 1341 2452; x_wconf 92' lang='lat' dir='ltr'>quoniam</span> 
     </span>
     <span class='ocr_line' id='line_1_21' title="bbox 229 2473 1341 2559; baseline -0.004 -17"><span class='ocrx_word' id='word_1_175' title='bbox 229 2473 349 2543; x_wconf 51' lang='lat' dir='ltr'>desunt¹</span> <span class='ocrx_word' id='word_1_176' title='bbox 379 2478 543 2543; x_wconf 86' lang='lat' dir='ltr'>subtiliora</span> <span class='ocrx_word' id='word_1_177' title='bbox 580 2478 633 2541; x_wconf 92' lang='lat' dir='ltr'>illa</span> <span class='ocrx_word' id='word_1_178' title='bbox 663 2477 817 2557; x_wconf 89' lang='lat' dir='ltr'>acumina,</span> <span class='ocrx_word' id='word_1_179' title='bbox 861 2477 974 2559; x_wconf 90' lang='lat' dir='ltr'>quibus</span> <span class='ocrx_word' id='word_1_180' title='bbox 1017 2480 1160 2541; x_wconf 87' lang='lat' dir='ltr'>cantores</span> <span class='ocrx_word' id='word_1_181' title='bbox 1200 2475 1341 2539; x_wconf 86' lang='lat' dir='ltr'>certatim</span> 
     </span>
     <span class='ocr_line' id='line_1_22' title="bbox 229 2578 1344 2665; baseline 0 -21"><span class='ocrx_word' id='word_1_182' title='bbox 229 2603 379 2665; x_wconf 89' lang='lat' dir='ltr'>responsa</span> <span class='ocrx_word' id='word_1_183' title='bbox 400 2604 510 2645; x_wconf 88' lang='lat' dir='ltr'>ornare</span> <span class='ocrx_word' id='word_1_184' title='bbox 533 2585 649 2663; x_wconf 84' lang='lat' dir='ltr'>amant,</span> <span class='ocrx_word' id='word_1_185' title='bbox 678 2581 803 2664; x_wconf 91' lang='lat' dir='ltr'>signum</span> <span class='ocrx_word' id='word_1_186' title='bbox 825 2581 1061 2664; x_wconf 86' lang='lat' dir='ltr'>proprietasque</span> <span class='ocrx_word' id='word_1_187' title='bbox 1084 2583 1232 2644; x_wconf 89' lang='lat' dir='ltr'>cantuum</span> <span class='ocrx_word' id='word_1_188' title='bbox 1255 2578 1344 2644; x_wconf 91' lang='lat' dir='ltr'>deest</span> 
     </span>
     <span class='ocr_line' id='line_1_23' title="bbox 228 2684 475 2748; baseline 0.008 -2"><span class='ocrx_word' id='word_1_189' title='bbox 228 2684 475 2748; x_wconf 90' lang='lat' dir='ltr'>amoebaeorum.</span> 
     </span>
     <span class='ocr_line' id='line_1_24' title="bbox 204 2784 1345 2871; baseline -0.003 -21"><span class='ocrx_word' id='word_1_190' title='bbox 204 2813 205 2816; x_wconf 43' lang='lat'>¹</span> <span class='ocrx_word' id='word_1_191' title='bbox 332 2786 451 2850; x_wconf 90' lang='lat' dir='ltr'>Deinde</span> <span class='ocrx_word' id='word_1_192' title='bbox 475 2786 653 2852; x_wconf 86' lang='lat' dir='ltr'>Goebbel</span> <span class='ocrx_word' id='word_1_193' title='bbox 675 2809 787 2871; x_wconf 91' lang='lat' dir='ltr'>poema</span> <span class='ocrx_word' id='word_1_194' title='bbox 809 2791 928 2870; x_wconf 91' lang='lat' dir='ltr'>septem</span> <span class='ocrx_word' id='word_1_195' title='bbox 952 2791 983 2851; x_wconf 90' lang='lat' dir='ltr'>et</span> <span class='ocrx_word' id='word_1_196' title='bbox 1005 2786 1117 2868; x_wconf 88' lang='lat' dir='ltr'>viginti</span> <span class='ocrx_word' id='word_1_197' title='bbox 1139 2784 1280 2848; x_wconf 88' lang='lat' dir='ltr'>versibus</span> <span class='ocrx_word' id='word_1_198' title='bbox 1303 2821 1345 2829; x_wconf 74' lang='lat'>-</span> 
     </span>
     <span class='ocr_line' id='line_1_25' title="bbox 231 2887 1342 2975; baseline -0.004 -22"><span class='ocrx_word' id='word_1_199' title='bbox 231 2887 379 2954; x_wconf 91' lang='lat' dir='ltr'>horribile</span> <span class='ocrx_word' id='word_1_200' title='bbox 411 2890 499 2956; x_wconf 86' lang='lat' dir='ltr'>dictu</span> <span class='ocrx_word' id='word_1_201' title='bbox 520 2929 561 2936; x_wconf 88' lang='lat'><em>-</em></span> <span class='ocrx_word' id='word_1_202' title='bbox 582 2891 805 2975; x_wconf 87' lang='lat' dir='ltr'>amplificatum</span> <span class='ocrx_word' id='word_1_203' title='bbox 838 2890 929 2972; x_wconf 87' lang='lat' dir='ltr'>quasi</span> <span class='ocrx_word' id='word_1_204' title='bbox 959 2889 1026 2972; x_wconf 84' lang='lat' dir='ltr'>igni</span> <span class='ocrx_word' id='word_1_205' title='bbox 1056 2893 1088 2953; x_wconf 89' lang='lat' dir='ltr'>et</span> <span class='ocrx_word' id='word_1_206' title='bbox 1116 2910 1198 2970; x_wconf 88' lang='lat' dir='ltr'>aqua</span> <span class='ocrx_word' id='word_1_207' title='bbox 1221 2887 1342 2951; x_wconf 88' lang='lat' dir='ltr'>diruere</span> 
     </span>
     <span class='ocr_line' id='line_1_26' title="bbox 230 2989 1342 3078; baseline -0.002 -23"><span class='ocrx_word' id='word_1_208' title='bbox 230 2993 357 3074; x_wconf 88' lang='lat' dir='ltr'>gavisus</span> <span class='ocrx_word' id='word_1_209' title='bbox 380 2997 436 3074; x_wconf 86' lang='lat' dir='ltr'>est,</span> <span class='ocrx_word' id='word_1_210' title='bbox 467 2993 571 3078; x_wconf 91' lang='lat' dir='ltr'>quoad</span> <span class='ocrx_word' id='word_1_211' title='bbox 592 2994 676 3058; x_wconf 91' lang='lat' dir='ltr'>hunc</span> <span class='ocrx_word' id='word_1_212' title='bbox 699 2994 898 3077; x_wconf 89' lang='lat' dir='ltr'>stropharum</span> <span class='ocrx_word' id='word_1_213' title='bbox 921 2993 1060 3058; x_wconf 90' lang='lat' dir='ltr'>ordinem</span> <span class='ocrx_word' id='word_1_214' title='bbox 1082 2992 1236 3074; x_wconf 83' lang='lat' dir='ltr'>gigneret:</span> <span class='ocrx_word' id='word_1_215' title='bbox 1260 2990 1288 3054; x_wconf 84' lang='lat'>2.</span> <span class='ocrx_word' id='word_1_216' title='bbox 1313 2989 1342 3053; x_wconf 85' lang='lat'>4.</span> 
     </span>
     <span class='ocr_line' id='line_1_27' title="bbox 230 3093 1343 3163; baseline -0.004 -3"><span class='ocrx_word' id='word_1_217' title='bbox 230 3097 258 3161; x_wconf 89' lang='grc'>6.</span> <span class='ocrx_word' id='word_1_218' title='bbox 288 3096 319 3161; x_wconf 91' lang='grc'>5.</span> <span class='ocrx_word' id='word_1_219' title='bbox 348 3098 396 3162; x_wconf 95' lang='grc'>10.</span> <span class='ocrx_word' id='word_1_220' title='bbox 428 3099 477 3163; x_wconf 88' lang='grc'>10.</span> <span class='ocrx_word' id='word_1_221' title='bbox 507 3099 535 3162; x_wconf 90' lang='grc'>5.</span> <span class='ocrx_word' id='word_1_222' title='bbox 560 3098 588 3162; x_wconf 91' lang='grc'>5.</span> <span class='ocrx_word' id='word_1_223' title='bbox 613 3099 641 3162; x_wconf 87' lang='lat'>6.</span> <span class='ocrx_word' id='word_1_224' title='bbox 666 3099 694 3163; x_wconf 87' lang='lat'>3.</span> <span class='ocrx_word' id='word_1_225' title='bbox 718 3099 747 3162; x_wconf 88' lang='grc'>5.</span> <span class='ocrx_word' id='word_1_226' title='bbox 771 3099 799 3162; x_wconf 89' lang='grc'>3.</span> <span class='ocrx_word' id='word_1_227' title='bbox 823 3098 852 3162; x_wconf 94' lang='grc'>5.</span> <span class='ocrx_word' id='word_1_228' title='bbox 877 3099 905 3162; x_wconf 85' lang='grc'>3.</span> <span class='ocrx_word' id='word_1_229' title='bbox 930 3098 958 3162; x_wconf 91' lang='grc'>5.</span> <span class='ocrx_word' id='word_1_230' title='bbox 983 3097 1011 3161; x_wconf 88' lang='grc'>6.</span> <span class='ocrx_word' id='word_1_231' title='bbox 1036 3097 1117 3160; x_wconf 74' lang='grc'>4.’7,</span> <span class='ocrx_word' id='word_1_232' title='bbox 1142 3097 1169 3159; x_wconf 91' lang='grc'>7.</span> <span class='ocrx_word' id='word_1_233' title='bbox 1194 3096 1223 3159; x_wconf 87' lang='grc'>4.</span> <span class='ocrx_word' id='word_1_234' title='bbox 1269 3093 1343 3157; x_wconf 85' lang='lat' dir='ltr'>Tale</span> 
     </span>
     <span class='ocr_line' id='line_1_28' title="bbox 231 3195 1341 3283; baseline -0.002 -21"><span class='ocrx_word' id='word_1_235' title='bbox 231 3199 346 3280; x_wconf 75' lang='grc' dir='ltr'><em>θαῦμα</em></span> <span class='ocrx_word' id='word_1_236' title='bbox 369 3195 503 3264; x_wconf 75' lang='grc' dir='ltr'><strong><em>ἰδέσθαι</em></strong></span> <span class='ocrx_word' id='word_1_237' title='bbox 534 3206 570 3266; x_wconf 93' lang='lat' dir='ltr'>ut</span> <span class='ocrx_word' id='word_1_238' title='bbox 596 3201 772 3282; x_wconf 86' lang='lat' dir='ltr'>fabricaret,</span> <span class='ocrx_word' id='word_1_239' title='bbox 805 3202 853 3266; x_wconf 86' lang='lat' dir='ltr'>vir</span> <span class='ocrx_word' id='word_1_240' title='bbox 874 3202 976 3265; x_wconf 89' lang='lat' dir='ltr'>bonus</span> <span class='ocrx_word' id='word_1_241' title='bbox 999 3200 1156 3283; x_wconf 88' lang='lat' dir='ltr'>supplevit</span> <span class='ocrx_word' id='word_1_242' title='bbox 1177 3221 1300 3263; x_wconf 90' lang='lat' dir='ltr'>versum</span> <span class='ocrx_word' id='word_1_243' title='bbox 1326 3200 1341 3261; x_wconf 94' lang='lat'>1</span> 
     </span>
     <span class='ocr_line' id='line_1_29' title="bbox 230 3303 1343 3388; baseline -0.003 -20"><span class='ocrx_word' id='word_1_244' title='bbox 230 3309 303 3387; x_wconf 89' lang='lat' dir='ltr'>post</span> <span class='ocrx_word' id='word_1_245' title='bbox 324 3328 352 3368; x_wconf 93' lang='lat' dir='ltr'>v.</span> <span class='ocrx_word' id='word_1_246' title='bbox 370 3306 399 3385; x_wconf 88' lang='grc'>7,</span> <span class='ocrx_word' id='word_1_247' title='bbox 422 3327 450 3368; x_wconf 91' lang='lat' dir='ltr'>v.</span> <span class='ocrx_word' id='word_1_248' title='bbox 476 3306 516 3368; x_wconf 87' lang='lat'>14</span> <span class='ocrx_word' id='word_1_249' title='bbox 537 3310 611 3388; x_wconf 89' lang='lat' dir='ltr'>post</span> <span class='ocrx_word' id='word_1_250' title='bbox 631 3329 679 3380; x_wconf 83' lang='lat' dir='ltr'>vv.</span> <span class='ocrx_word' id='word_1_251' title='bbox 705 3305 744 3368; x_wconf 88' lang='lat'>18</span> <span class='ocrx_word' id='word_1_252' title='bbox 767 3309 799 3370; x_wconf 92' lang='lat' dir='ltr'>et</span> <span class='ocrx_word' id='word_1_253' title='bbox 820 3306 870 3386; x_wconf 80' lang='grc'>24,</span> <span class='ocrx_word' id='word_1_254' title='bbox 894 3329 921 3369; x_wconf 88' lang='lat' dir='ltr'>v.</span> <span class='ocrx_word' id='word_1_255' title='bbox 946 3303 986 3368; x_wconf 89' lang='grc'>25</span> <span class='ocrx_word' id='word_1_256' title='bbox 1009 3307 1081 3386; x_wconf 87' lang='lat' dir='ltr'>post</span> <span class='ocrx_word' id='word_1_257' title='bbox 1102 3326 1151 3367; x_wconf 85' lang='lat' dir='ltr'>vv.</span> <span class='ocrx_word' id='word_1_258' title='bbox 1175 3304 1214 3366; x_wconf 85' lang='lat'>41</span> <span class='ocrx_word' id='word_1_259' title='bbox 1239 3307 1271 3366; x_wconf 90' lang='lat' dir='ltr'>et</span> <span class='ocrx_word' id='word_1_260' title='bbox 1292 3303 1343 3382; x_wconf 83' lang='lat'>46,</span> 
     </span>
     <span class='ocr_line' id='line_1_30' title="bbox 230 3406 1345 3491; baseline -0.001 -20"><span class='ocrx_word' id='word_1_261' title='bbox 230 3431 258 3471; x_wconf 87' lang='lat' dir='ltr'>v.</span> <span class='ocrx_word' id='word_1_262' title='bbox 284 3409 322 3471; x_wconf 91' lang='grc'>71</span> <span class='ocrx_word' id='word_1_263' title='bbox 347 3412 420 3491; x_wconf 89' lang='lat' dir='ltr'>post</span> <span class='ocrx_word' id='word_1_264' title='bbox 440 3431 488 3472; x_wconf 91' lang='lat' dir='ltr'>vv.</span> <span class='ocrx_word' id='word_1_265' title='bbox 512 3408 553 3472; x_wconf 93' lang='grc'>57</span> <span class='ocrx_word' id='word_1_266' title='bbox 577 3413 609 3472; x_wconf 93' lang='lat' dir='ltr'>et</span> <span class='ocrx_word' id='word_1_267' title='bbox 631 3408 680 3488; x_wconf 88' lang='grc'>65,</span> <span class='ocrx_word' id='word_1_268' title='bbox 703 3432 731 3472; x_wconf 87' lang='lat' dir='ltr'>v.</span> <span class='ocrx_word' id='word_1_269' title='bbox 755 3408 797 3472; x_wconf 86' lang='lat'>54</span> <span class='ocrx_word' id='word_1_270' title='bbox 819 3412 892 3491; x_wconf 93' lang='lat' dir='ltr'>post</span> <span class='ocrx_word' id='word_1_271' title='bbox 913 3431 961 3472; x_wconf 85' lang='lat' dir='ltr'>vv.</span> <span class='ocrx_word' id='word_1_272' title='bbox 985 3409 1025 3472; x_wconf 88' lang='grc'>62</span> <span class='ocrx_word' id='word_1_273' title='bbox 1051 3412 1083 3473; x_wconf 87' lang='lat' dir='ltr'>et</span> <span class='ocrx_word' id='word_1_274' title='bbox 1098 3408 1148 3486; x_wconf 92' lang='grc'>71,</span> <span class='ocrx_word' id='word_1_275' title='bbox 1171 3430 1199 3470; x_wconf 87' lang='lat' dir='ltr'>v.</span> <span class='ocrx_word' id='word_1_276' title='bbox 1216 3406 1255 3470; x_wconf 90' lang='grc'>75</span> <span class='ocrx_word' id='word_1_277' title='bbox 1272 3409 1345 3488; x_wconf 90' lang='lat' dir='ltr'>post</span> 
     </span>
     <span class='ocr_line' id='line_1_31' title="bbox 231 3510 1345 3595; baseline -0.001 -22"><span class='ocrx_word' id='word_1_278' title='bbox 231 3533 259 3575; x_wconf 84' lang='lat' dir='ltr'>v.</span> <span class='ocrx_word' id='word_1_279' title='bbox 283 3511 333 3591; x_wconf 88' lang='grc'>81,</span> <span class='ocrx_word' id='word_1_280' title='bbox 357 3535 385 3575; x_wconf 85' lang='grc' dir='ltr'>ν.</span> <span class='ocrx_word' id='word_1_281' title='bbox 409 3513 449 3576; x_wconf 84' lang='grc'>97</span> <span class='ocrx_word' id='word_1_282' title='bbox 472 3516 545 3595; x_wconf 90' lang='lat' dir='ltr'>post</span> <span class='ocrx_word' id='word_1_283' title='bbox 565 3534 614 3576; x_wconf 87' lang='lat' dir='ltr'>vv.</span> <span class='ocrx_word' id='word_1_284' title='bbox 638 3512 680 3575; x_wconf 82' lang='lat'>85</span> <span class='ocrx_word' id='word_1_285' title='bbox 703 3516 735 3577; x_wconf 86' lang='lat' dir='ltr'>et</span> <span class='ocrx_word' id='word_1_286' title='bbox 756 3511 810 3592; x_wconf 80' lang='lat'>903</span> <span class='ocrx_word' id='word_1_287' title='bbox 841 3533 933 3595; x_wconf 86' lang='lat' dir='ltr'>porro</span> <span class='ocrx_word' id='word_1_288' title='bbox 956 3511 1153 3594; x_wconf 90' lang='lat' dir='ltr'>transposuit</span> <span class='ocrx_word' id='word_1_289' title='bbox 1173 3532 1201 3573; x_wconf 88' lang='lat' dir='ltr'>v.</span> <span class='ocrx_word' id='word_1_290' title='bbox 1225 3510 1345 3574; x_wconf 59' lang='grc'>30111-</span> 
     </span>
     <span class='ocr_line' id='line_1_32' title="bbox 232 3607 1345 3697; baseline -0.002 -19"><span class='ocrx_word' id='word_1_291' title='bbox 232 3636 293 3697; x_wconf 94' lang='lat' dir='ltr'>quo</span> <span class='ocrx_word' id='word_1_292' title='bbox 316 3619 389 3680; x_wconf 88' lang='lat' dir='ltr'>ante</span> <span class='ocrx_word' id='word_1_293' title='bbox 411 3639 439 3680; x_wconf 88' lang='lat' dir='ltr'>v.</span> <span class='ocrx_word' id='word_1_294' title='bbox 463 3615 513 3695; x_wconf 83' lang='lat'>25,</span> <span class='ocrx_word' id='word_1_295' title='bbox 538 3638 565 3678; x_wconf 90' lang='lat' dir='ltr'>v.</span> <span class='ocrx_word' id='word_1_296' title='bbox 590 3616 630 3679; x_wconf 88' lang='grc'>66</span> <span class='ocrx_word' id='word_1_297' title='bbox 653 3615 758 3697; x_wconf 90' lang='lat' dir='ltr'>aliquo</span> <span class='ocrx_word' id='word_1_298' title='bbox 781 3607 856 3679; x_wconf 87' lang='lat' dir='ltr'>ante</span> <span class='ocrx_word' id='word_1_299' title='bbox 876 3638 904 3678; x_wconf 90' lang='lat' dir='ltr'>v.</span> <span class='ocrx_word' id='word_1_300' title='bbox 927 3616 976 3696; x_wconf 91' lang='grc'>71,</span> <span class='ocrx_word' id='word_1_301' title='bbox 1000 3635 1048 3678; x_wconf 89' lang='lat' dir='ltr'>vv.</span> <span class='ocrx_word' id='word_1_302' title='bbox 1066 3615 1127 3678; x_wconf 90' lang='grc'>102</span> <span class='ocrx_word' id='word_1_303' title='bbox 1149 3617 1181 3678; x_wconf 91' lang='lat' dir='ltr'>et</span> <span class='ocrx_word' id='word_1_304' title='bbox 1197 3614 1257 3677; x_wconf 89' lang='lat'>103</span> <span class='ocrx_word' id='word_1_305' title='bbox 1273 3617 1345 3695; x_wconf 93' lang='lat' dir='ltr'>post</span> 
     </span>
     <span class='ocr_line' id='line_1_33' title="bbox 231 3715 1343 3802; baseline -0.002 -21"><span class='ocrx_word' id='word_1_306' title='bbox 231 3741 259 3781; x_wconf 86' lang='lat' dir='ltr'>v.</span> <span class='ocrx_word' id='word_1_307' title='bbox 294 3719 352 3798; x_wconf 78' lang='lat'>903</span> <span class='ocrx_word' id='word_1_308' title='bbox 385 3741 478 3802; x_wconf 89' lang='lat' dir='ltr'>porro</span> <span class='ocrx_word' id='word_1_309' title='bbox 513 3719 665 3783; x_wconf 85' lang='lat' dir='ltr'>excidisse</span> <span class='ocrx_word' id='word_1_310' title='bbox 701 3719 813 3782; x_wconf 91' lang='lat' dir='ltr'>statuit</span> <span class='ocrx_word' id='word_1_311' title='bbox 845 3717 952 3781; x_wconf 88' lang='lat' dir='ltr'>decem</span> <span class='ocrx_word' id='word_1_312' title='bbox 984 3740 1092 3782; x_wconf 89' lang='lat' dir='ltr'>versus</span> <span class='ocrx_word' id='word_1_313' title='bbox 1123 3720 1196 3781; x_wconf 91' lang='lat' dir='ltr'>ante</span> <span class='ocrx_word' id='word_1_314' title='bbox 1230 3739 1257 3780; x_wconf 92' lang='lat' dir='ltr'>v.</span> <span class='ocrx_word' id='word_1_315' title='bbox 1292 3715 1343 3796; x_wconf 89' lang='grc'>25,</span> 
     </span>
     <span class='ocr_line' id='line_1_34' title="bbox 232 3820 1344 3902; baseline -0.004 -16"><span class='ocrx_word' id='word_1_316' title='bbox 232 3845 329 3886; x_wconf 92' lang='lat' dir='ltr'>unum</span> <span class='ocrx_word' id='word_1_317' title='bbox 344 3844 466 3886; x_wconf 85' lang='lat' dir='ltr'>versum</span> <span class='ocrx_word' id='word_1_318' title='bbox 484 3827 557 3886; x_wconf 89' lang='lat' dir='ltr'>ante</span> <span class='ocrx_word' id='word_1_319' title='bbox 571 3845 600 3886; x_wconf 84' lang='lat' dir='ltr'>v.</span> <span class='ocrx_word' id='word_1_320' title='bbox 618 3822 668 3902; x_wconf 92' lang='grc'>70,</span> <span class='ocrx_word' id='word_1_321' title='bbox 693 3823 770 3885; x_wconf 91' lang='lat' dir='ltr'>duos</span> <span class='ocrx_word' id='word_1_322' title='bbox 785 3844 893 3885; x_wconf 87' lang='lat' dir='ltr'>versus</span> <span class='ocrx_word' id='word_1_323' title='bbox 916 3824 989 3884; x_wconf 91' lang='lat' dir='ltr'>ante</span> <span class='ocrx_word' id='word_1_324' title='bbox 1011 3844 1039 3884; x_wconf 87' lang='lat' dir='ltr'>v.</span> <span class='ocrx_word' id='word_1_325' title='bbox 1064 3821 1113 3900; x_wconf 90' lang='grc'>71,</span> <span class='ocrx_word' id='word_1_326' title='bbox 1137 3820 1215 3882; x_wconf 89' lang='lat' dir='ltr'>duos</span> <span class='ocrx_word' id='word_1_327' title='bbox 1237 3841 1344 3882; x_wconf 88' lang='lat' dir='ltr'>versus</span> 
     </span>
     <span class='ocr_line' id='line_1_35' title="bbox 232 3922 1344 4006; baseline -0.004 -17"><span class='ocrx_word' id='word_1_328' title='bbox 232 3929 306 3989; x_wconf 90' lang='lat' dir='ltr'>ante</span> <span class='ocrx_word' id='word_1_329' title='bbox 330 3949 356 3989; x_wconf 90' lang='lat' dir='ltr'>v.</span> <span class='ocrx_word' id='word_1_330' title='bbox 382 3925 430 4006; x_wconf 93' lang='grc'>75,</span> <span class='ocrx_word' id='word_1_331' title='bbox 454 3947 551 3989; x_wconf 91' lang='lat' dir='ltr'>unum</span> <span class='ocrx_word' id='word_1_332' title='bbox 574 3947 697 3988; x_wconf 85' lang='lat' dir='ltr'>versum</span> <span class='ocrx_word' id='word_1_333' title='bbox 720 3928 793 4006; x_wconf 90' lang='lat' dir='ltr'>post</span> <span class='ocrx_word' id='word_1_334' title='bbox 811 3946 838 3987; x_wconf 86' lang='lat' dir='ltr'>v.</span> <span class='ocrx_word' id='word_1_335' title='bbox 856 3922 905 3988; x_wconf 84' lang='lat'>95.</span> <span class='ocrx_word' id='word_1_336' title='bbox 952 3923 1058 4000; x_wconf 80' lang='lat' dir='ltr'>Qualis</span> <span class='ocrx_word' id='word_1_337' title='bbox 1074 3925 1227 4004; x_wconf 79' lang='lat' dir='ltr'>sumptuS,</span> <span class='ocrx_word' id='word_1_338' title='bbox 1243 3922 1344 4004; x_wconf 90' lang='lat' dir='ltr'>qualis</span> 
     </span>
     <span class='ocr_line' id='line_1_36' title="bbox 233 4025 1346 4110; baseline -0.002 -18"><span class='ocrx_word' id='word_1_339' title='bbox 233 4031 377 4094; x_wconf 80' lang='lat' dir='ltr'>eventus!</span> <span class='ocrx_word' id='word_1_340' title='bbox 422 4029 524 4095; x_wconf 85' lang='lat' dir='ltr'>Tanta</span> <span class='ocrx_word' id='word_1_341' title='bbox 550 4034 656 4093; x_wconf 85' lang='lat' dir='ltr'>tamen</span> <span class='ocrx_word' id='word_1_342' title='bbox 677 4028 807 4092; x_wconf 86' lang='lat' dir='ltr'>audacia</span> <span class='ocrx_word' id='word_1_343' title='bbox 829 4028 989 4110; x_wconf 83' lang='lat' dir='ltr'>repetendi</span> <span class='ocrx_word' id='word_1_344' title='bbox 1013 4031 1045 4092; x_wconf 91' lang='lat' dir='ltr'>et</span> <span class='ocrx_word' id='word_1_345' title='bbox 1066 4025 1292 4108; x_wconf 89' lang='lat' dir='ltr'>transponendi</span> <span class='ocrx_word' id='word_1_346' title='bbox 1314 4030 1346 4090; x_wconf 87' lang='lat' dir='ltr'>et</span> 
     </span>
     <span class='ocr_line' id='line_1_37' title="bbox 232 4129 1343 4216; baseline -0.005 -18"><span class='ocrx_word' id='word_1_347' title='bbox 232 4133 398 4216; x_wconf 90' lang='lat' dir='ltr'>supplendi</span> <span class='ocrx_word' id='word_1_348' title='bbox 419 4156 495 4198; x_wconf 90' lang='lat' dir='ltr'>usus</span> <span class='ocrx_word' id='word_1_349' title='bbox 519 4131 662 4198; x_wconf 90' lang='lat' dir='ltr'>Goebbel</span> <span class='ocrx_word' id='word_1_350' title='bbox 691 4132 820 4196; x_wconf 86' lang='lat' dir='ltr'>audacia</span> <span class='ocrx_word' id='word_1_351' title='bbox 842 4132 941 4197; x_wconf 91' lang='lat' dir='ltr'>multo</span> <span class='ocrx_word' id='word_1_352' title='bbox 964 4133 1081 4196; x_wconf 92' lang='lat' dir='ltr'>maiore</span> <span class='ocrx_word' id='word_1_353' title='bbox 1102 4130 1179 4194; x_wconf 89' lang='lat' dir='ltr'>haec</span> <span class='ocrx_word' id='word_1_354' title='bbox 1207 4129 1343 4212; x_wconf 90' lang='lat' dir='ltr'>scripsit:</span> 
     </span>
     <span class='ocr_line' id='line_1_38' title="bbox 234 4233 1345 4321; baseline -0.002 -21"><span class='ocrx_word' id='word_1_355' title='bbox 234 4236 368 4301; x_wconf 88' lang='lat' dir='ltr'>Necesse</span> <span class='ocrx_word' id='word_1_356' title='bbox 389 4259 453 4302; x_wconf 91' lang='lat' dir='ltr'>non</span> <span class='ocrx_word' id='word_1_357' title='bbox 476 4242 533 4319; x_wconf 90' lang='lat' dir='ltr'>est,</span> <span class='ocrx_word' id='word_1_358' title='bbox 556 4241 593 4302; x_wconf 89' lang='lat' dir='ltr'>ut</span> <span class='ocrx_word' id='word_1_359' title='bbox 614 4237 702 4320; x_wconf 90' lang='lat' dir='ltr'>plura</span> <span class='ocrx_word' id='word_1_360' title='bbox 725 4236 762 4299; x_wconf 93' lang='lat' dir='ltr'>de</span> <span class='ocrx_word' id='word_1_361' title='bbox 787 4237 945 4321; x_wconf 87' lang='lat' dir='ltr'>strophioa</span> <span class='ocrx_word' id='word_1_362' title='bbox 958 4236 1104 4300; x_wconf 86' lang='lat' dir='ltr'>Dirarum</span> <span class='ocrx_word' id='word_1_363' title='bbox 1119 4233 1345 4316; x_wconf 88' lang='lat' dir='ltr'>compositione</span> 
     </span>
     <span class='ocr_line' id='line_1_39' title="bbox 234 4337 1346 4426; baseline 0 -23"><span class='ocrx_word' id='word_1_364' title='bbox 234 4339 377 4422; x_wconf 88' lang='lat' dir='ltr'>adiciam,</span> <span class='ocrx_word' id='word_1_365' title='bbox 411 4362 508 4426; x_wconf 89' lang='lat' dir='ltr'>quum</span> <span class='ocrx_word' id='word_1_366' title='bbox 540 4344 609 4407; x_wconf 86' lang='lat' dir='ltr'>tota</span> <span class='ocrx_word' id='word_1_367' title='bbox 640 4361 709 4404; x_wconf 87' lang='lat' dir='ltr'>mea</span> <span class='ocrx_word' id='word_1_368' title='bbox 742 4339 854 4406; x_wconf 87' lang='lat' dir='ltr'>divisio</span> <span class='ocrx_word' id='word_1_369' title='bbox 885 4345 998 4407; x_wconf 87' lang='lat' dir='ltr'>natura</span> <span class='ocrx_word' id='word_1_370' title='bbox 1028 4343 1123 4425; x_wconf 90' lang='lat' dir='ltr'>atque</span> <span class='ocrx_word' id='word_1_371' title='bbox 1155 4337 1346 4423; x_wconf 89' lang='lat' dir='ltr'>proprietate</span> 
     </span>
    </p>
   </div>
   <div class='ocr_carea' id='block_1_3' title="bbox 0 0 1646 4914">
    <p class='ocr_par' dir='ltr' id='par_1_3' title="bbox 0 0 1646 4914">
     <span class='ocr_line' id='line_1_40' title="bbox 0 0 1646 4914; baseline 0 0"><span class='ocrx_word' id='word_1_372' title='bbox 0 0 1646 4914; x_wconf 95' lang='lat' dir='ltr'> </span> 
     </span>
    </p>
   </div>
  </div>
 </body>
</html>
