3266 4914
747 363 958 430 -.70-

402 537 551 602 Attamen
584 559 620 601 ea
653 537 775 602 videtur
806 539 948 619 quaestio
971 560 1035 602 non
1058 559 1134 617 esse,
1162 539 1267 603 utrum
1289 561 1415 602 carmen

248 648 257 730 Ἰ
299 641 455 706 vetustius
478 640 528 720 sit,
552 640 607 703 sed
629 643 700 704 utro
722 641 858 703 carmine
881 641 965 723 prior
987 642 1147 724 scriptoris
1169 641 1296 706 fortuna
1311 663 1415 705 narre-

298 749 359 809 tur.
404 744 508 826 Atque
537 744 568 807 in
592 743 689 826 Lydia
711 748 804 826 poeta
825 744 858 806 id
881 745 1029 826 queritur,
1058 745 1142 826 quod
1171 745 1275 826 puella
1296 768 1329 808 se
1350 766 1414 808 non

299 872 316 912 1
339 848 436 911 fundo
459 850 567 911 secuta
589 847 631 910 sit
652 849 689 911 ut
710 849 835 911 taurum
859 847 994 925 vaccula,
1018 847 1152 911 haedum
1172 848 1299 930 capella,
1322 848 1415 911 deum

252 957 256 966 '
299 971 373 1016 suus
390 973 544 1035 quemque
560 972 656 1030 amor,
680 949 800 1013 Thesea
817 950 961 1030 Ariadne,
985 951 1127 1015 Iasonem
1143 951 1260 1032 Medea,
1285 956 1317 1016 et
1331 951 1414 1033 agris

299 1057 427 1134 invidet,
459 1054 543 1137 quod
574 1055 693 1118 interea
715 1053 782 1118 sola
812 1055 844 1117 in
872 1054 933 1118 illis
956 1055 1037 1120 ludit
1049 1054 1079 1138 ¹),
1103 1056 1136 1118 in
1157 1056 1240 1119 Diris
1262 1055 1359 1119 fundo
1383 1059 1415 1118 et

299 1159 419 1241 puellae
442 1159 474 1221 in
491 1161 675 1240 perpetuum
691 1157 843 1220 decedens
865 1157 1027 1238 valedicit3
1050 1159 1082 1222 in
1097 1159 1195 1242 Lydia
1217 1160 1415 1241 negotiorum

299 1284 394 1325 causa
413 1261 605 1342 aliquamdiu
626 1260 732 1324 evilla
754 1260 867 1323 exiisse
890 1261 1021 1341 videtur,
1045 1263 1078 1324 in
1100 1262 1183 1325 Diris
1205 1263 1312 1325 villam
1334 1262 1415 1326 mili-

300 1365 386 1430 tibus
410 1363 610 1428 distributam
634 1385 725 1445 aegre
748 1363 874 1446 reliquit
895 1365 926 1428 in
950 1365 1189 1448 sempiternum3
1213 1366 1361 1432 discessio
1384 1367 1417 1428 in

298 1467 382 1531 Diris
399 1467 554 1549 descripta
576 1468 669 1531 semel
686 1472 798 1550 poetae
814 1468 936 1548 accidit,
953 1469 1106 1550 absentia,
1130 1469 1254 1551 qualem
1269 1471 1302 1532 in
1317 1471 1415 1553 Lydia

300 1572 448 1654 queritur,
473 1572 596 1654 saepius
620 1573 732 1634 eiiam
755 1572 912 1654 querenda
935 1573 1003 1638 fuit.
1048 1574 1276 1650 Quaerentibus
1299 1579 1414 1657 autem,

301 1697 455 1758 quaenam
478 1676 518 1739 ob
542 1674 669 1757 negotia
691 1680 815 1757 poetam
840 1676 945 1740 cvilla
967 1677 1091 1759 saepius
1115 1679 1228 1742 exiisse
1249 1679 1416 1744 verisimile

298 1781 349 1860 ait,
379 1781 411 1844 id
439 1780 611 1862 respondeo
641 1784 767 1861 poetam
801 1780 868 1844 sine
892 1781 987 1845 dubio
1010 1783 1041 1844 in
1065 1803 1134 1844 eam
1157 1782 1275 1864 urbem,
1299 1782 1354 1847 ubi
1376 1783 1415 1846 de

297 1885 381 1965 agris
404 1883 627 1949 distribuendis
649 1884 810 1965 agebatur,
835 1885 958 1967 saepius
981 1886 1146 1950 festinasse
1164 1886 1330 1950 verisimile
1346 1909 1414 1951 esse

297 1992 333 2052 ut
354 1988 468 2052 malam
491 1987 650 2053 fortunam
672 1991 826 2069 quantum
848 1992 956 2070 posset
978 1988 1167 2053 defenderet.
1204 1989 1313 2071 Neque
1330 1990 1413 2054 enim

297 2093 405 2174 paucis
426 2092 545 2172 diebus,
569 2092 624 2154 sed
646 2113 700 2172 per
722 2091 837 2154 multos
861 2113 993 2172 mansee,
1017 2092 1150 2156 fortasse
1172 2115 1227 2175 per
1249 2093 1417 2158 nonnullos
1458 2129 1463 2138 ·

297 2219 397 2260 annos
419 2197 486 2260 eius
502 2219 551 2259 res
572 2195 759 2258 diiudicatas
774 2217 841 2258 esse
864 2219 903 2258 ex
926 2196 994 2278 ipso
1017 2196 1129 2279 plurali
1147 2203 1327 2281 praetoriam
1351 2197 1415 2261 Dir.

297 2324 325 2364 v.
343 2301 383 2364 82
400 2300 533 2364 dilucide
550 2303 688 2381 apparet,
706 2320 838 2380 quorum
854 2299 982 2363 crimine
998 2301 1116 2383 agellos
1132 2324 1151 2363 a
1162 2323 1195 2364 se
1207 2300 1338 2364 devotos
1349 2323 1417 2364 csse

297 2405 326 2469 h.
338 2428 362 2468 e.
381 2427 400 2468 a
415 2404 529 2486 quibus
545 2425 637 2485 agros
652 2402 768 2467 iniuste
783 2403 936 2467 militibus
952 2404 1094 2468 addictos
1110 2427 1178 2468 esse
1193 2405 1369 2468 conclamat
1379 2403 1414 2484 2).

398 2509 464 2571 Hac
495 2529 566 2571 cum
595 2507 851 2589 interpretatione
880 2507 976 2570 verba
1007 2507 1140 2573 Suetoni
1162 2509 1282 2573 incerta
1304 2530 1418 2590 oppor-

296 2618 372 2678 tune
395 2612 595 2691 conveniunt,
619 2611 732 2693 quibus
756 2609 835 2674 Cato
858 2612 982 2675 licentia
1005 2613 1151 2696 temporis
1166 2612 1293 2678 Sullani
1309 2613 1414 2696 putri-

296 2715 792 2794 11111111111111111111111111,
827 2736 907 2796 quae
930 2716 968 2779 ad
992 2720 1074 2780 artes
1097 2716 1236 2780 forenses
1259 2715 1365 2780 referri
1385 2720 1419 2781 et

296 2819 448 2884 Merkelio
480 2819 632 2883 suadente
663 2818 863 2898 1111111111,
888 2818 914 2882 11
937 2818 1057 2899 iubeor,
1081 2841 1170 2901 nega.
1218 2819 1295 2882 Cum
1320 2805 1418 2902 igitur

298 2925 403 2989 omnia
436 2923 529 2987 huius
563 2923 647 3014 bona
677 2923 708 2987 in
732 2922 869 3005 periculo
891 2927 1098 3004 versarentur,
1131 2946 1203 2987 cum
1227 2924 1303 3006 ipse,
1327 2925 1417 2989 cuius

296 3031 419 3093 animus
453 3032 541 3111 patre
569 3028 662 3110 paulo
690 3032 763 3092 ante
786 3031 910 3092 mortuo
933 3027 1023 3091 ualde
1045 3033 1221 3093 commotus
1244 3033 1320 3108 erat,
1343 3052 1417 3092 cum

296 3133 427 3197 nefariis
458 3132 610 3196 militibus
633 3133 670 3195 de
692 3131 881 3215 patrimonio
910 3154 967 3196 suo
990 3136 1124 3197 certaret
1146 3138 1178 3198 et
1200 3134 1315 3215 iniquis
1338 3133 1419 3197 iudi-

297 3237 387 3301 cibus
423 3239 572 3316 uteretur,
609 3235 702 3299 rebus
736 3239 800 3300 tam
834 3236 976 3317 angustis
1015 3240 1143 3319 tamque
1173 3238 1311 3301 adversis
1341 3260 1417 3301 num

297 3341 399 3419 nobiS,
423 3340 479 3422 qui
502 3339 630 3404 Ovidios
653 3344 686 3404 et
699 3341 873 3422 Buergeros
896 3340 1083 3421 lectitamus,
1106 3342 1220 3405 mirum
1242 3365 1309 3406 esse
1332 3341 1419 3404 vide-

297 3449 349 3509 tur
376 3448 502 3527 poetam
529 3449 596 3509 tum
619 3445 787 3508 admodum
810 3445 1050 3525 adulescentem,
1080 3446 1134 3527 qui
1157 3445 1338 3510 dulcissima
1360 3469 1419 3528 pu-

301 3548 360 3612 ella
382 3548 443 3612 frui
466 3551 679 3628 consueverat,
704 3548 892 3612 desiderium
915 3549 1050 3612 amasiae
1066 3549 1326 3631 mollissimasque
1343 3572 1421 3632 que-

300 3652 391 3716 rellas
413 3650 529 3715 fidibus
551 3652 740 3716 mandasse?
778 3653 858 3716 Tum
880 3657 995 3734 autem,
1019 3675 1090 3718 cum
1113 3653 1206 3716 hasce
1221 3653 1312 3716 Diras
1335 3675 1421 3716 com-

403 3858 422 3926 ι)
439 3856 547 3912 Ρο11111
575 3845 595 3910 1
608 3856 696 3926 puella
713 3873 758 3910 rus
776 3857 890 3925 prolecta
906 3857 933 3909 in
951 3857 1045 3926 oppido
1069 3856 1189 3910 relictum
1208 3873 1266 3910 esse
1286 3854 1354 3909 male
1373 3871 1420 3908 ex-

298 3943 422 4010 cogitavit
439 3942 584 3998 Rothstein.

403 4044 423 4114 ²)
442 4045 551 4114 Propter
568 4062 707 4098 numerum
719 4045 848 4114 pluralem
864 4051 1020 4114 praetorum
1038 4061 1103 4112 opus
1121 4061 1173 4098 non
1191 4047 1231 4097 est
1249 4043 1420 4098 cumNaekio

301 4131 333 4183 de
351 4131 452 4185 duobus
475 4131 558 4197 annis,
581 4149 627 4200 per
650 4148 715 4200 quos
745 4149 834 4185 causa*
846 4131 892 4185 illa
909 4131 1007 4197 agitata
1024 4131 1066 4197 sit,
1086 4130 1202 4199 cogitari,
1221 4130 1342 4198 quoniam
1362 4147 1422 4182 mu·
1608 4143 1609 4228 p

301 4231 364 4269 1111
381 4220 530 4284 praetorum
551 4216 597 4271 illa
619 4221 704 4271 aetate
728 4217 882 4286 plerumque
906 4218 958 4270 iam
977 4234 1028 4271 non
1048 4234 1141 4284 annua,
1165 4217 1212 4270 sed
1230 4215 1329 4285 aliquot
1347 4233 1425 4269 men-

302 4301 372 4355 sium
390 4303 471 4356 fuisse
490 4306 598 4372 constat,
617 4308 646 4357 ut
664 4319 687 4359 a.
706 4304 795 4358 1161.
814 4322 840 4356 u.
851 4320 872 4358 c.
892 4305 994 4370 septem
1007 4307 1033 4356 et
1044 4304 1180 4372 sexaginta
1195 4305 1327 4372 praetores
1342 4303 1424 4357 fuisse

299 4385 634 4457 Marquardt-Mommsen
651 4389 678 4444 11
696 4389 711 4442 1
729 4407 753 4460 p.
773 4389 822 4444 196
840 4389 939 4444 docent.
1411 4393 1418 4416 ³
