3266 4914
661 340 874 442 ..23-

205 553 261 619 XV
283 557 357 637 post
388 574 417 615 v.
441 549 482 614 43
516 555 619 614 noscet
651 550 736 614 iutra
757 551 849 614 duces
869 549 953 614 erebo
976 547 1037 631 (vel
1059 546 1157 631 crebo)
1180 548 1323 632 tuutydiu

204 659 288 736 utus,
322 656 376 739 qui
405 654 484 718 liber
515 656 675 735 praeterea
707 657 792 717 recto
814 653 883 717 loco
905 653 1022 716 rectius
1045 675 1099 716 seu
1121 653 1224 716 minus
1246 652 1325 717 falso

207 761 305 826 tradit
348 781 414 823 riou
445 759 559 821 iterum
590 758 688 837 dicar,
723 757 887 839 sequentia
927 779 1021 839 quam
1051 757 1218 838 varientur,
1255 757 1325 821 vide

207 865 362 928 Naekiunr
390 861 599 926 Ribbeckium
628 861 863 925 Baehrensium.
903 860 1118 943 Corruptelam
1140 860 1237 924 latere
1260 861 1326 924 exi-

208 967 301 1032 stimo
315 965 467 1048 imprimis
482 965 514 1027 in
530 965 635 1028 diceus
649 963 698 1028 vel
710 965 825 1028 d·uceus
841 968 873 1028 et
887 964 919 1027 in
928 965 1002 1028 ditis
1016 964 1066 1026 vel
1079 964 1160 1028 dicit
1173 963 1222 1026 vel
1237 965 1324 1046 dicii,

207 1094 291 1154 quae
310 1069 410 1134 forma
433 1067 466 1130 in
487 1066 732 1131 Helmstadiensi
754 1067 897 1131 Parisino
921 1067 1002 1131 7927
1027 1066 1175 1130 Thuaneo
1198 1066 1323 1148 tradita,

207 1195 277 1238 cum
300 1171 427 1236 minime
449 1171 568 1234 usitata
590 1170 641 1250 sit,
664 1170 770 1252 potius
793 1193 812 1233 a
833 1174 927 1255 poeta
950 1169 1089 1252 profecta
1112 1193 1180 1234 esse
1202 1170 1325 1235 videtur

208 1298 302 1359 quam
333 1299 352 1338 a
383 1274 536 1354 librariis3
569 1273 643 1338 ditis·
676 1278 781 1338 autem
812 1297 828 1338 e
862 1296 954 1338 versu
987 1275 1027 1338 66
1058 1275 1090 1337 in
1117 1273 1201 1338 hunc
1222 1273 1325 1338 locum

207 1379 369 1462 irrepsisse
391 1400 521 1463 censeo..
568 1377 786 1442 Schmidtiano
818 1377 914 1460 igitur
946 1399 1025 1462 quae
1046 1399 1102 1459 pro
1125 1383 1180 1441 tua
1201 1383 1325 1461 recepto

206 1484 280 1547 Nou
308 1483 423 1560 [iteuuu
446 1481 578 1560 audibit,
613 1479 715 1544 crebro
736 1502 824 1564 quiue,
856 1480 968 1564 Ludii,
997 1480 1078 1544 dicti
1098 1479 1217 1544 laudari
1239 1481 1328 1547 iubet

207 1584 376 1662 Baehrens,
401 1605 459 1647 nos
483 1587 634 1647 vetamus.
679 1583 769 1662 Nam,
792 1587 829 1647 ut
847 1583 1014 1646 molestam
1030 1583 1189 1646 elisionem
1212 1585 1326 1650 iterum

203 1688 326 1753 acutibit
336 1687 489 1767 omittam,
500 1684 632 1750 formam
642 1687 743 1770 ipsam
753 1686 874 1751 audibit
887 1685 1076 1750 rarissimam
1087 1689 1181 1768 atque
1190 1687 1324 1752 traditae

206 1791 446 1855 dissimillimam
468 1789 541 1854 huic
563 1794 674 1874 poetae
697 1813 750 1873 per
772 1789 983 1860 coniecturam
1009 1790 1163 1872 imputare
1178 1790 1326 1856 audaciae

207 1895 456 1977 temeritatisque
486 1917 554 1959 esse
584 1895 661 1958 mihi
688 1895 820 1974 videtur,
859 1894 1121 1976 quandoquidem,
1153 1895 1212 1958 etsi
1244 1917 1323 1977 eum,
1415 1925 1420 1934 ·

208 2000 262 2082 qui
284 1999 324 2062 ad
347 1998 476 2062 verbum
495 1999 603 2082 piupit
624 2021 651 2062 v.
675 1999 715 2061 21
740 1998 842 2062 locum
865 1996 997 2061 similem
1026 1996 1143 2076 citavit,
1175 1998 1269 2062 etiam
1288 1998 1325 2062 de

206 2102 331 2166 insueta
346 2099 447 2165 lorma
462 2101 584 2165 audibit
599 2100 717 2183 aliquid
733 2100 884 2165 adnotare
899 2122 963 2164 uon
977 2100 1156 2181 dedecebat,
1170 2100 1326 2165 Baehren-

208 2206 289 2270 sium
305 2227 390 2269 more
412 2205 549 2269 tironum
565 2205 687 2288 lapsum
703 2228 771 2270 esse
793 2227 856 2269 non
880 2205 1033 2288 estquod
1055 2204 1187 2268 credam.
1232 2203 1327 2288 Equi-

208 2308 277 2372 dem
294 2309 435 2390 suspicor
451 2311 576 2390 poetam
593 2308 767 2391 scripsisse:
792 2308 864 2372 Nou
879 2309 993 2372 iteruru
1007 2309 1108 2386 discet,
1122 2308 1224 2372 crebro
1238 2329 1326 2392 quac,

207 2411 321 2494 Lydia,
343 2411 432 2489 dixti,
454 2410 509 2474 ubi
532 2411 651 2493 syllaba
672 2412 738 2476 disc
759 2411 835 2493 ipsis
858 2411 945 2474 libris
963 2412 1077 2494 partim
1092 2412 1197 2475 diceus
1212 2413 1325 2495 partim

208 2518 323 2582 ducens
355 2512 579 2578 exhibentibus
611 2536 710 2597 paene
747 2512 932 2596 postulatur.
990 2513 1185 2596 Significatio
1220 2519 1325 2579 autem

209 2619 305 2683 silvae
327 2617 465 2680 carmina
487 2617 640 2682 amatoria
662 2617 811 2681 discentis
834 2617 914 2682 bene
936 2618 1138 2682 confirmatur
1159 2617 1208 2682 his
1231 2619 1323 2684 locis:

208 2723 297 2805 Verg.
321 2720 355 2785 E.
378 2721 392 2784 Ι
419 2720 438 2785 5
461 2721 647 2786 Forniosaui
669 2743 813 2786 resultare
833 2723 919 2786 doces
947 2723 1146 2806 Amaryllida
1177 2722 1273 2786 siluas
1294 2727 1325 2788 et

209 2827 284 2910 Lyd.
316 2825 391 2889 8et
414 2825 462 2888 19.
516 2824 631 2890 Totum
665 2825 799 2908 denique
833 2825 899 2888 eius
927 2825 1082 2908 querellae
1104 2847 1204 2908 genus
1226 2825 1325 2890 isdem

206 2930 269 2993 lere
302 2928 405 2994 verbis
438 2929 606 3011 repetitum
636 2951 663 2992 v.
694 2930 735 2993 92
775 2930 914 3011 recurrit,
948 2929 1004 2993 ubi
1033 2929 1222 2993 adiectivum
1252 2935 1326 2994 uoto

207 3031 330 3103 notioni
352 3032 454 3096 crebro
475 3054 554 3116 quiue
576 3033 657 3098 dicti
677 3037 821 3098 accurate
842 3033 1019 3117 respondet.

308 3136 361 3202 43.
403 3157 508 3201 curce.
551 3136 622 3202 Non
656 3159 728 3202 cum
760 3137 889 3203 Heinsio
920 3160 1017 3204 uurus
1055 3136 1220 3220 legendum
1258 3160 1325 3202 esse

189 3238 351 3305 *Goebbel
371 3240 410 3323 (a.
436 3238 532 3324 1865)
555 3240 632 3305 mihi
653 3241 817 3325 persuasit,

309 3359 361 3425 44.
406 3360 451 3425 De
480 3361 592 3426 audaci
623 3363 753 3429 voculae
783 3369 812 3429 ct
839 3363 1045 3428 collocatione
1067 3362 1149 3427 infra
1171 3362 1204 3426 in
1227 3362 1324 3427 altero

211 3463 314 3547 capite
335 3487 500 3549 exponam.

307 3567 360 3631 49.
405 3567 523 3631 Eadem
553 3568 639 3633 vocis
667 3570 757 3634 litora
787 3567 932 3650 repetitio
966 3569 1101 3633 occurrit
1134 3569 1166 3631 in
1197 3568 1326 3650 Propl

211 3672 260 3751 11,
284 3671 325 3734 28
348 3692 393 3752 sq.
439 3671 551 3735 Multis
580 3671 640 3736 istu
661 3673 780 3736 dubunt
806 3673 896 3736 litora
917 3672 1095 3750 discidium,
1119 3672 1226 3735 Litora
1249 3693 1328 3754 picae

207 3775 336 3858 feceruut
357 3774 450 3838 cusiis
471 3774 605 3861 inimica
624 3775 747 3860 puellis.
792 3776 838 3840 De
861 3775 1018 3840 sententia
1040 3774 1078 3839 cf.
1105 3769 1259 3839 mcxxi
1274 3775 1325 3855 54,

210 3877 237 3942 8,
255 3899 353 3943 arurae
373 3877 529 3961 fluminis.

311 3981 362 4047 50.
385 3981 521 4045 Verbum
543 3981 698 4064 migrandi
720 3982 793 4046 huic
816 3983 893 4046 satis
915 3981 1042 4064 placuit,
1066 3983 1104 4046 cl.
1131 3983 1200 4047 100.
1227 3983 1296 4046 101.

309 4085 361 4150 52.
385 4090 473 4149 urcei.
520 4083 678 4168 Scaligero
700 4088 786 4152 ardet
808 4089 840 4151 et
862 4086 990 4151 Heinsio
1013 4093 1082 4151 uret
1102 4087 1325 4170 praeeuntibus

204 4187 349 4253 Ribbeck
380 4188 461 4251 ursii
492 4188 634 4269 coniecit,
665 4211 730 4254 non
759 4189 833 4253 iure.
879 4189 957 4252 Nam
988 4190 1144 4255 sententia
1173 4190 1330 4255 contraria

208 4294 278 4355 est:
301 4289 325 4353 11
346 4290 423 4373 agri,
448 4289 502 4373 qui
524 4291 657 4356 flammis
680 4314 744 4356 non
766 4292 923 4374 perierint,
947 4293 1037 4374 aquis
1059 4296 1189 4376 pereant
1208 4293 1267 4374 vel,
1290 4296 1327 4357 ut

206 4394 258 4462 hic
280 4392 370 4476 dixit,
399 4393 520 4478 fiagri,
551 4415 630 4477 quos
652 4394 807 4461 Volcanus
829 4395 955 4480 ignibus
977 4395 1059 4461 Iovis
1090 4401 1186 4479 arcet,
1220 4396 1327 4481 Syrtes
