3266 4914
649 294 861 382 ..33-

290 492 342 558 47,
366 493 473 558 Aurea
494 489 636 572 quamvis
658 488 709 552 hic
723 492 845 556 saeuitia
860 489 983 569 dixerit,
1006 488 1044 553 de
1060 491 1163 554 aetate
1177 470 1302 554 heroica

191 621 261 663 eum
290 597 445 679 cogitasse
474 617 513 658 ex
542 593 691 676 exemplis
723 593 878 660 Ariadnae
911 598 942 658 et
972 593 1098 656 Medeae
1125 594 1234 674 elucet,
1266 597 1303 658 ut

188 701 326 766 dubitari
358 700 479 778 debeat,
513 701 618 761 utrum
648 719 742 760 aurea
769 697 893 760 saecula
916 697 994 760 nihil
1016 697 1100 761 aliud
1124 697 1302 780 significent

189 811 283 889 atque
313 802 532 887 antiquissima
561 801 614 864 illa
648 804 680 865 et
711 800 891 864 felicissima
917 805 1058 882 tempora
1080 823 1129 877 an,
1164 801 1196 864 id
1218 802 1302 883 quod

187 909 264 972 mihi
286 907 351 971 veri
374 909 422 969 est
444 903 585 984 similius,
614 903 725 968 doetus
748 908 841 986 poeta
862 904 990 986 paulum
1004 904 1110 986 lapsus
1126 904 1175 968 sit.
1211 904 1301 970 Certe

190 1017 257 1076 tum
280 1010 403 1092 quidem
428 1007 557 1073 Ovidius
579 1007 838 1089 metamorphosis
860 1008 1000 1071 nondum
1022 1008 1196 1091 scripserat.

290 1113 342 1178 48.
374 1113 490 1176 siin-ilis
511 1112 622 1196 suerat.
667 1110 867 1175 Membranae
889 1111 1008 1175 habent
1029 1113 1204 1196 similisque
1224 1113 1302 1196 soret

188 1215 255 1278 sine
277 1237 388 1294 sensu;
416 1214 570 1278 editiones
593 1216 698 1277 autem
720 1213 877 1295 antiquae,
901 1214 982 1277 inter
1005 1235 1082 1294 quas
1104 1214 1220 1279 bonam
1242 1217 1302 1280 Ba-

188 1318 349 1380 sileensem
373 1318 447 1381 anni
471 1316 552 1381 1543
575 1318 708 1400 primam
730 1339 797 1380 esse
811 1318 920 1406 uidae,
943 1319 1060 1381 similis
1081 1318 1193 1402 fuerat,
1217 1320 1301 1402 quod

186 1443 375 1503 quamquam
397 1422 497 1504 magis
527 1445 566 1484 ex
589 1421 786 1484 coniectandi
808 1420 957 1486 facultate
980 1442 1074 1502 quam
1096 1445 1135 1485 ex
1151 1423 1301 1486 librorum

188 1525 336 1588 subsidiis
359 1523 532 1606 profectum
556 1545 623 1586 esse
646 1524 796 1606 suspicor,
820 1528 852 1588 et
873 1525 978 1588 sensui
1000 1524 1092 1588 huius
1108 1524 1169 1588 loci
1184 1528 1216 1589 et
1229 1527 1301 1588 usui

187 1631 298 1710 poetae
321 1627 397 1690 satis
420 1626 503 1690 facit.
557 1626 899 1708 Plusquamperfectum
922 1628 1013 1707 enim,
1048 1629 1131 1709 quod
1153 1628 1222 1693 loco
1244 1631 1302 1692 im-

187 1730 316 1813 perfecti
348 1734 404 1794 aut
426 1729 555 1812 perfecti
577 1731 715 1813 positum
736 1731 836 1812 primo
860 1731 973 1794 obtutu
996 1732 1131 1814 aliquem
1153 1733 1300 1814 offendat,

188 1835 293 1898 nescio
316 1857 356 1898 an
379 1835 411 1898 id
433 1835 568 1898 affirmet
590 1838 621 1898 et
642 1838 757 1916 augeat
778 1839 922 1914 aetatem,
946 1857 1008 1916 qua
1029 1837 1208 1900 hominibus
1225 1860 1302 1920 quo-

188 1961 248 2020 que
269 1937 374 2001 felices
390 1959 510 2001 amores
526 1941 623 2016 erant,
648 1937 827 2002 iamdudum
847 1938 1089 2020 praeterlapsam
1106 1961 1181 2003 esse.
1212 1940 1301 2016 Quod

188 2043 262 2104 utut
276 2063 309 2103 se
324 2040 429 2120 habet,
453 2040 561 2104 eadem
583 2040 706 2103 dicendi
727 2041 853 2105 licentia
867 2063 943 2104 usus
959 2045 1084 2106 estnon
1100 2042 1193 2106 modo
1208 2043 1299 2125 Prop.

186 2145 266 2223 112,
284 2145 321 2206 11
350 2166 416 2208 non
437 2165 510 2207 311111
532 2165 583 2226 ego
600 2145 657 2226 qni
670 2144 794 2228 sunnin
809 2143 864 2228 (z
892 2142 937 2227 ui)
954 2149 986 2208 et
1001 2145 1089 2208 Ovid.
1107 2147 1195 2227 epist.
1212 2146 1225 2208 l
1242 2146 1303 2210 115

192 2248 275 2314 Certe
297 2269 356 2330 eye,
388 2268 466 2330 qnae
487 2247 612 2330 suerunt
634 2244 689 2329 (z
711 2244 769 2329 fui)
792 2253 818 2310 fe
839 2248 1007 2312 discedente
1024 2251 1129 2332 puello
1151 2251 1302 2314 Protiieus

186 2352 350 2415 sederenius
371 2351 454 2432 {min
475 2350 710 2430 ridebornnns,
745 2350 799 2413 sed
833 2351 927 2414 etiam
958 2351 1009 2414 hic
1042 2352 1108 2433 ipse
1144 2353 1175 2415 in
1198 2375 1225 2415 r.
1250 2353 1300 2431 69,

186 2454 241 2517 ubi
263 2453 419 2517 sententia
441 2456 503 2515 est:
528 2474 597 2515 cum
620 2452 723 2515 Venus
746 2474 850 2516 amore
873 2453 1024 2517 Adonidis
1040 2453 1209 2535 fruebatur,
1234 2462 1301 2519 tum

186 2558 270 2622 Mars
292 2557 328 2619 in
350 2556 449 2619 aeneis
470 2557 622 2619 distentus
643 2555 748 2639 fueret
768 2553 814 2638 (z
831 2558 916 2634 erat),
941 2578 1011 2620 cum
1034 2557 1071 2619 de
1094 2556 1203 2620 eodem
1224 2562 1303 2622 tem-

188 2683 262 2744 pore
293 2659 507 2742 imperfectum
538 2659 671 2743 faciebat
699 2659 917 2741 subsequatur.
963 2660 1213 2737 Quamobrem
1243 2663 1303 2724 etsi

189 2764 266 2829 certi
294 2765 464 2847 quidquam
498 2763 559 2826 dici
590 2785 654 2826 non
676 2766 790 2845 potest,
823 2763 952 2827 editioni
974 2763 1146 2827 Basileensi
1168 2765 1300 2828 confido,

189 2867 317 2931 Scilicet
336 2867 585 2930 Ribbeclrianum
608 2867 783 2950 siccitasque
805 2867 871 2950 snit
883 2890 922 2930 ne
938 2868 1078 2931 intellexi
1093 2868 1227 2950 quidem,
1256 2873 1304 2933 at-

194 2993 254 3055 que
276 2971 541 3035 Baehrensianum
564 2972 680 3035 sinn‘lis
701 2972 792 3053 saliit
812 2971 908 3034 nimia
932 2971 1087 3053 elegantia
1107 2972 1238 3037 laborat.

290 3075 342 3138 49.
364 3081 525 3159 praetereo.
559 3074 635 3138 Cum
660 3074 782 3137 codices
804 3074 951 3137 unanime
967 3079 1123 3140 testentur
1135 3081 1301 3160 praeterea,

191 3167 286 3243 etiam
317 3179 355 3242 de
384 3185 573 3263 praeteream
606 3176 791 3261 (praeterea)
822 3178 954 3260 cogitari
986 3183 1099 3261 potest.
1123 3217 1165 3224 —
1192 3185 1303 3244 nolani

188 3283 347 3346 Miiwidos
368 3288 498 3346 ostiani.
545 3281 627 3345 Sane
653 3284 745 3344 notas
769 3303 837 3344 esse
858 3280 1000 3346 fortunas
1023 3281 1177 3345 Ariadnae
1193 3287 1225 3346 et
1239 3283 1304 3346 Me-

193 3386 268 3449 deae
290 3389 384 3467 poeta
404 3407 552 3448 romanus
575 3385 657 3448 illius
681 3384 793 3448 aetatis
810 3385 910 3448 dicere
925 3385 991 3448 iure
1007 3385 1124 3466 debuit,
1147 3408 1218 3474 cum
1239 3387 1300 3449 iarn

189 3488 309 3552 Ennius
331 3489 507 3571 tragoedias
530 3489 706 3571 scripsisset
729 3489 838 3554 Medea
854 3491 943 3552 ensal
965 3492 996 3553 et
1010 3491 1119 3554 Medea
1134 3491 1303 3554 1111311131-

190 3593 244 3672 sis,
268 3613 345 3673 quas
368 3591 501 3656 fortasse
523 3614 587 3655 non
609 3592 712 3655 minus
736 3613 828 3674 quam
851 3613 979 3672 graecas
1002 3592 1096 3656 etiam
1117 3597 1228 3674 postea
1242 3594 1304 3657 lec-

191 3700 241 3758 tas
263 3719 330 3759 esse
353 3695 460 3761 Cicero
485 3718 509 3759 e.
527 3718 555 3778 g.
580 3697 670 3760 testis
693 3699 739 3758 est
766 3696 819 3758 fin.
840 3696 895 3758 14
933 3696 1012 3773 Quis
1033 3697 1119 3760 enirn
1146 3703 1211 3761 teni
1238 3699 1303 3761 ini-

191 3801 293 3864 iniens
323 3821 424 3884 paene
453 3802 580 3864 nomini
610 3820 740 3864 emicans
772 3806 823 3879 esi,
856 3800 912 3882 qni
944 3800 1038 3864 Enni
1071 3801 1213 3864 ⁴Medenin
1248 3809 1304 3866 aad

192 3903 365 3988 Aiefiopuni
395 3904 515 3967 Puenri
535 3909 662 3987 spernat
682 3910 737 3966 uni
758 3904 874 3982 reiciat,
907 3905 989 3986 qnod
1015 3925 1047 3968 se
1068 3904 1179 3967 iisdem
1200 3905 1301 3968 Enri-

189 4008 274 4091 pidis
295 4008 413 4092 fabellis
434 4008 575 4071 defecturi
595 4008 700 4072 dicut?
744 4006 789 4070 De
812 4006 949 4070 Ariadna
976 4010 1082 4070 tamen
1105 4008 1159 4088 qui
1180 4030 1303 4072 versum

193 4111 405 4193 composuerit
425 4111 507 4174 inter
529 4110 688 4174 Romanos
710 4111 864 4174 vetustior
887 4109 1010 4174 Catullo
1036 4110 1113 4173 mihi
1133 4133 1197 4174 non
1216 4134 1304 4194 prae-

194 4218 244 4278 sto
275 4218 331 4278 est.
377 4213 439 4278 Sed
471 4217 539 4278 tum
565 4214 647 4278 inter
669 4213 838 4278 nobiliores
860 4213 1019 4277 Romanos
1041 4213 1103 4276 iam
1126 4216 1217 4296 pauci
1239 4220 1303 4280 tam

194 4318 286 4382 rudes
319 4321 407 4381 erant
437 4321 493 4381 aut
520 4317 630 4380 haberi
651 4316 807 4398 volebant,
839 4317 915 4398 quin
937 4320 1082 4399 poemata
1105 4315 1305 4400 Graecorum,

1078 4403 1098 4466 3
