3266 4914
670 325 900 440 2-299

222 539 277 612 sed
299 547 404 612 villam
420 546 598 611 canendam
620 548 681 613 sibi
703 549 908 632 proposuerit,
932 549 1026 614 etiam
1047 553 1187 616 extrema
1207 546 1337 632 stropha

223 651 262 714 ad
286 651 401 731 villam,
433 652 516 715 unde
545 651 703 734 profectus
732 656 808 733 erat,
839 652 1031 716 redeundum
1053 651 1081 714 ei
1103 651 1171 718 fuit.
1216 652 1335 716 Deinde

222 775 337 836 magna
352 754 564 835 similitudine,
589 777 668 836 quae
684 755 765 820 inter
785 756 919 838 epodum
935 759 967 820 et
988 755 1139 838 proodum
1163 755 1336 834 intercedit,

222 855 313 919 nobis
345 857 549 940 persuadetur
578 858 627 921 his
658 859 795 941 strophis
825 841 989 922 simillimis
1023 859 1118 922 etiam
1141 858 1265 922 easdem
1287 881 1335 922 res

153 1001 157 1009 ·
221 961 320 1025 dictas
354 983 456 1044 esse„
487 960 566 1024 Tum
595 962 713 1044 porrdr'a
746 985 773 1026 v.
799 962 858 1026 103
888 962 928 1025 ad
947 963 1066 1048 paedia
1087 982 1115 1025 v.
1140 962 1160 1024 9
1183 945 1335 1045 respicere

220 1065 351 1129 videtur.
401 1065 564 1129 Postremo
586 1066 653 1129 fieri
682 1089 746 1130 non
768 1070 882 1148 potest,
905 1071 940 1131 ut
963 1089 1057 1130 sanus
1087 1067 1239 1148 interpres
1261 1065 1338 1130 illud

220 1169 365 1252 aerumnis
380 1169 465 1252 ipnts·
480 1169 549 1250 eric,
573 1170 718 1252 qrrorrrais
739 1191 823 1253 aqua
838 1169 875 1232 de
891 1169 1016 1234 homine
1033 1170 1174 1252 accipiat,
1191 1169 1223 1232 id
1238 1170 1335 1252 quod,

219 1273 246 1335 si
268 1272 344 1335 nihil
367 1272 550 1352 mutabitur,
574 1294 652 1354 opus
676 1273 742 1337 erit
789 1273 857 1350 Qua
887 1273 1136 1343 consideratione
1159 1278 1334 1338 commotus

219 1375 368 1457 Goebbel,
402 1377 452 1440 cui
486 1377 581 1441 etiam
614 1377 823 1443 Ribbeckium.
845 1377 1075 1442 obsecundasse
1098 1379 1201 1457 miror,
1224 1400 1332 1441 versus

218 1480 278 1544 102
300 1484 332 1545 et
355 1480 415 1544 103
439 1485 513 1562 post
533 1503 562 1545 v.
586 1481 629 1544 90
650 1482 765 1565 posuit,
796 1483 863 1546 sine
885 1481 948 1546 ullo
973 1483 1047 1546 iure.
1091 1482 1230 1545 Primum
1253 1483 1336 1545 enim

216 1585 278 1648 duo
300 1607 408 1648 versus
430 1584 471 1648 88
497 1588 528 1648 et
551 1585 612 1649 103
634 1585 736 1649 tribus
759 1589 884 1650 tantum
906 1585 1047 1649 versibus
1065 1585 1197 1650 seiuncti
1214 1586 1245 1649 in
1262 1608 1335 1649 ean-

216 1685 285 1750 dem
302 1709 410 1750 vocem
430 1687 538 1768 licebit,
562 1689 651 1752 cuius
666 1688 744 1752 adeo
761 1688 955 1770 significatus
971 1688 1111 1753 diversus
1127 1690 1177 1769 sit,
1201 1689 1281 1753 male
1304 1693 1336 1753 et

216 1790 333 1854 absone
349 1794 482 1870 exeunt,
506 1790 617 1855 deinde
634 1792 808 1856 enuntiatio
824 1792 970 1875 qrranrm's
990 1793 1076 1874 larris
1097 1792 1167 1872 eruis,
1190 1794 1336 1876 quaereris

214 1915 299 1978 opera
319 1917 421 1979 neque
444 1895 483 1958 ad
505 1895 582 1979 fclrfc
604 1917 720 1960 cremera
742 1899 883 1978 spectare
912 1899 1017 1978 potest
1038 1899 1164 1960 vetante
1187 1918 1282 1960 sensu
1304 1901 1336 1960 et

214 1998 381 2062 verborum
404 1998 612 2063 collocatione
634 2022 735 2083 neque
758 2000 798 2063 ad
819 2002 929 2083 apelles
952 2004 1079 2082 propter
1099 1999 1210 2064 horum
1226 2022 1334 2064 nume-

213 2124 282 2165 rum
304 2101 464 2184 pluralem.
512 2102 632 2180 Quibus
655 2104 748 2167 rebus
771 2103 942 2186 perspectis
966 2125 1048 2183 eum,
1071 2103 1132 2166 nisi
1153 2126 1261 2168 versus
1277 2126 1331 2166 ex·

213 2205 326 2270 cidisse
350 2210 479 2289 putatur
502 2212 558 2271 aut
580 2207 699 2290 aliquid
722 2206 865 2271 lectionis
887 2210 1036 2286 mutatur,
1060 2229 1168 2270 versus
1184 2207 1221 2270 de
1237 2207 1335 2290 Lydia

214 2309 416 2391 intellegendi
447 2311 520 2388 sint,
553 2311 594 2390 id,
626 2309 710 2393 quod
740 2310 907 2375 molestum
940 2313 997 2390 est,
1032 2309 1152 2376 litteras
1184 2310 1335 2374 librorum

112 2462 115 2469 .
213 2413 496 2496 manuscriptorum
517 2419 572 2478 tua
595 2413 684 2478 dein
707 2419 762 2478 tae
783 2414 882 2497 [irride
904 2413 1014 2477 leniter
1036 2413 1231 2495 correxerim,
1247 2411 1335 2496 prae·

213 2517 319 2581 sertim
342 2538 413 2580 cum
436 2509 589 2598 syllabam
610 2517 674 2601 fure
695 2516 785 2581 iuxta
808 2516 940 2581 similem
963 2522 1019 2580 tuo
1041 2515 1132 2580 facile
1154 2517 1256 2598 perire
1278 2537 1334 2598 po·

214 2619 312 2682 tuisse
334 2618 500 2682 verisimile
523 2619 574 2699 sit,
599 2618 710 2683 deinde
731 2619 856 2698 nostrie,
892 2640 948 2700 pro
980 2640 1042 2700 quo
1074 2617 1334 2683 Helmstadiensis

214 2721 344 2786 exhibet
358 2723 430 2801 liris,
454 2723 487 2786 in
508 2725 595 2786 lueis.
630 2721 710 2787 Birti
725 2726 831 2786 autern
846 2744 940 2805 quam
955 2744 1077 2785 mecum
1093 2723 1333 2788 communicavit

216 2813 395 2891 coniectura
431 2829 540 2910 (quum
566 2833 630 2906 tua,
652 2847 732 2909 uper,
766 2823 894 2909 nostras)
922 2847 976 2908 per
998 2847 1031 2888 se
1053 2825 1234 2908 probabilis
1263 2841 1334 2889 cum

216 2933 309 3011 poeta
339 2929 377 2993 de
407 2931 536 3012 praedio
564 2951 725 3012 nunquam
759 2928 811 3013 (cf.
845 2929 884 2994 ad
907 2952 935 2992 u.
960 2929 1013 3012 90)
1047 2930 1235 3012 singularem
1262 2951 1336 3013 uper

214 3033 401 3113 adhibuerit,
424 3033 551 3115 probari
574 3027 644 3097 non'
661 3038 775 3115 potest.

265 3110 279 3148 ⁹
315 3135 397 3218 Lyd.
420 3138 447 3201 7.
485 3137 604 3200 interea
631 3135 761 3200 retineri
790 3156 882 3220 posse
905 3138 937 3199 et
959 3134 1071 3199 debere
1093 3133 1175 3198 iufra
1197 3134 1331 3214 docebo;

215 3240 253 3303 de
275 3239 431 3304 sententia
464 3261 572 3303 versus
604 3238 649 3317 cl:
675 3239 766 3322 Prop.
802 3238 887 3319 112,
911 3239 940 3302 6.
978 3240 1114 3323 Cyretlrr'o
1143 3260 1199 3302 racc
1226 3244 1332 3304 anostra

213 3345 312 3408 diruis
333 3343 369 3406 in
390 3364 467 3406 aare
487 3349 585 3408 sonat.

316 3448 366 3510 11.
398 3446 575 3529 Simplicior
598 3445 763 3513 collocatio
786 3449 893 3532 dr'pr'lis
915 3447 1057 3526 cira'dern,
1080 3467 1144 3510 non
1160 3445 1331 3528 elegantior

215 3553 345 3616 «rosam
367 3552 474 3635 dicitis
506 3551 694 3616 auctoritate
724 3556 756 3616 et
777 3574 906 3616 numero
929 3551 1072 3616 codicum
1094 3549 1330 3633 comprobatum

214 3654 252 3719 cl.
275 3655 339 3718 Dir.
363 3655 412 3720 65.
942 3737 944 3741 .

317 3759 367 3823 12.
391 3758 437 3823 De
458 3758 527 3823 loco
550 3757 721 3843 particulae
742 3778 879 3841 neceque
892 3755 981 3832 ¹infra
1002 3755 1146 3820 scribam.

242 3920 243 3924 ,
318 3863 369 3927 13.
393 3862 588 3926 Praeclaram
611 3861 861 3926 emendationem
883 3859 1076 3924 Eichstaedti
1097 3860 1254 3944 spirantia
1273 3881 1329 3942 pro

215 3965 342 4048 vulgata
374 3966 541 4049 stipendio,
574 3987 667 4049 quam
698 3964 805 4028 Naeke
827 3963 1002 4027 defendisse
1025 3962 1141 4027 frustra
1162 3963 1223 4026 sibi
1244 3965 1329 4028 visus

216 4072 273 4149 est,
308 4071 402 4133 etiam
425 4091 512 4132 meus
545 4069 706 4133 Parisinus
737 4069 872 4151 quodam
894 4067 988 4130 modo
1010 4071 1145 4131 testatur
1167 4067 1328 4146 exhibens,

216 4172 357 4237 simodo
380 4173 501 4237 auctori
523 4194 592 4236 meo
615 4171 730 4235 confidi
753 4171 855 4250 debet,
878 4170 1069 4254 spplrcnlr'a.

317 4276 367 4340 16.
393 4275 432 4340 Et
460 4276 598 4340 ordinem
622 4295 777 4354 versuum,
810 4295 903 4356 quem
924 4273 1067 4336 Ribbeck
1088 4295 1116 4336 v.
1141 4273 1181 4336 18
1204 4278 1276 4337 ante
1298 4297 1326 4338 v.

217 4377 256 4439 17
279 4379 382 4460 posito
405 4378 555 4459 turbavit,
578 4381 611 4442 et
631 4377 796 4442 lectionem
819 4376 1013 4458 singulorum
1034 4375 1210 4458 verborum,
1233 4397 1327 4462 quam
