3266 4914
756 333 966 398 ..22-

310 515 405 574 mnus
418 507 587 591 dtfflrderct
598 507 727 572 umbras
740 508 872 573 aestivas
886 511 919 572 et
932 528 989 590 pro
1003 510 1091 589 parte
1106 506 1195 570 Luer.
1219 504 1247 568 Π
1270 501 1330 568 115
1351 502 1428 567 solts

310 613 435 678 lumino
456 611 515 694 (se)
538 612 683 696 frendunt
697 634 757 696 per
776 633 873 696 opaca
893 613 1058 676 domorum
1089 613 1184 694 atque
1211 608 1300 690 Verg.
1324 608 1359 672 A.
1383 609 1426 694 Ill

313 717 373 782 152
389 719 466 781 luceo
487 739 519 780 se
539 717 690 800 suadebat
708 709 764 801 per
783 717 942 800 fenestras.

412 819 463 884 29.
509 818 587 882 Cum
619 842 675 883 sex
705 819 850 902 deinceps
873 819 969 883 verba
994 817 1147 883 comantis
1169 817 1304 882 Iuctuhr‘s
1325 815 1427 880 moltis

310 945 414 988 ramos
435 924 623 1008 inflantibus
644 925 733 988 creme
755 923 860 988 littera
880 947 896 988 s
918 924 1002 987 exire
1017 923 1140 986 videam
1156 925 1189 986 et
1203 921 1337 1000 audiam,
1362 941 1427 983 non

311 1027 431 1106 dubito,
463 1027 540 1110 quin
568 1031 662 1110 poeta
684 1027 789 1092 dulces
811 1027 958 1091 arborum
980 1025 1131 1108 strepitus
1155 1024 1271 1090 imitari
1293 1026 1425 1088 conatus

312 1131 362 1210 sit,
395 1135 432 1195 ut
453 1131 546 1195 simili
568 1131 680 1214 peritia
701 1131 826 1213 linguae
858 1130 1058 1213 rhythmique
1087 1151 1163 1194 usus
1196 1128 1325 1192 flumina
1354 1148 1426 1208 pro-

311 1234 453 1318 perantia
474 1234 653 1316 properanti
675 1233 821 1316 rhythmo
844 1234 934 1316 quasi
956 1233 1059 1316 pinxit
1088 1233 1151 1297 Dir.
1176 1255 1203 1296 v.
1227 1232 1267 1297 6?
1298 1230 1424 1295 Flectite

311 1339 465 1402 currerde's
489 1338 643 1422 lymphas,
684 1359 762 1421 coqu
790 1338 938 1422 (tumtun,
966 1341 1054 1415 retro,
1101 1358 1208 1400 rursus
1236 1333 1428 1400 haesitantia

310 1440 479 1506 haesitanti
522 1440 596 1523 Lyd.
638 1463 665 1504 v.
705 1440 746 1504 18
798 1441 977 1505 Tardubuct
1018 1439 1082 1503 net
1128 1439 1259 1504 hebentes
1305 1457 1428 1502 currere

311 1546 463 1629 lymphae.
1342 1601 1347 1614 ,

413 1648 465 1712 30.
503 1646 561 1711 Hic
593 1669 709 1727 versus
742 1669 813 1712 cum
835 1646 873 1710 de
895 1647 973 1710 silva
996 1668 1065 1710 eum
1088 1645 1228 1728 intellegi
1249 1666 1313 1709 non
1335 1665 1428 1726 posse

309 1751 453 1816 Ribbeck
475 1773 504 1834 p.
522 1750 562 1815 52
586 1773 631 1833 sq.
656 1751 804 1831 docuerit,
828 1773 898 1814 cum
914 1750 1162 1832 progressionem
1185 1748 1335 1814 orationis
1356 1748 1428 1811 loco

312 1855 429 1920 tradito
461 1854 595 1937 pessime
626 1854 790 1934 discindat,
823 1876 894 1917 eum
926 1854 1005 1917 alios
1036 1853 1235 1918 intercalares
1258 1853 1345 1916 exitu
1367 1873 1440 1938 suo,

312 1960 441 2023 Battore
465 1980 592 2023 carmen
614 1959 802 2041 aequiperet,
825 1958 903 2022 duce
925 1957 1098 2022 Goebbelio
1121 1981 1141 2020 a
1162 1979 1219 2021 suo
1241 1957 1309 2021 loco
1327 1977 1430 2020 remo-

311 2061 430 2126 vendus
460 2065 493 2127 et
514 2062 592 2125 duce
614 2060 804 2125 Baehrensio
826 2061 1009 2143 pronomine
1031 2063 1105 2126 hoec
1126 2082 1182 2144 pro
1204 2083 1260 2125 nec
1281 2083 1321 2124 ex
1343 2059 1430 2124 Thu-

315 2187 394 2230 eneo
417 2167 448 2229 et
470 2164 713 2230 Helmstadieusi
734 2165 848 2229 hausto
870 2168 942 2246 post
964 2187 992 2228 v,
1016 2164 1058 2229 36
1080 2164 1243 2247 ponendus
1266 2168 1322 2229 est.

411 2269 463 2338 34.
502 2270 711 2354 Nequiquam.
735 2267 970 2334 Sententiarum
993 2291 1132 2332 conexus
1148 2273 1209 2333 est:
1234 2268 1428 2351 nequiquam

311 2371 400 2436 miles
431 2372 542 2439 silvam
571 2372 698 2436 caedere
720 2371 902 2451 conabitur3
934 2393 1007 2435 nam
1030 2371 1147 2439 nostris
1170 2371 1275 2454 potius
1298 2395 1323 2435 e.
1348 2394 1376 2454 q.
1401 2395 1427 2436 s.

309 2475 467 2552 Querellas
501 2476 583 2540 enim
615 2475 653 2539 de
685 2475 780 2560 impio
811 2475 942 2542 interitu
972 2475 1069 2540 silvae
1091 2479 1234 2540 cantatas
1256 2479 1351 2558 poeta
1373 2475 1428 2540 illo

309 2583 385 2645 voto
406 2579 614 2663 interrumpit,
648 2583 685 2644 ut
716 2579 795 2644 silva
824 2603 844 2643 a
875 2602 909 2644 se
936 2580 1005 2662 ipso
1035 2579 1149 2644 devota
1170 2580 1276 2662 potius
1299 2580 1428 2662 ignibus

310 2683 456 2750 aetheriis
474 2685 582 2766 pereat
604 2704 697 2766 quam
720 2681 801 2747 ferro
824 2681 935 2746 nefarii
957 2682 1073 2747 militis.
1120 2682 1223 2765 Atque
1245 2681 1338 2746 simul
1353 2705 1426 2748 eum

310 2787 467 2854 sententia
496 2778 802 2852 violenter'mutata
828 2785 1094 2851 constructionem
1116 2785 1223 2866 flectit,
1257 2785 1304 2850 ita
1325 2789 1362 2851 ut
1384 2787 1423 2850 de

309 2892 388 2956 silva
413 2913 477 2955 non
502 2891 563 2954 iam
585 2912 720 2972 persona
740 2888 886 2970 secunda,
910 2890 965 2954 sed
986 2891 1080 2955 tertia
1101 2890 1257 2972 loquatur,
1281 2891 1356 2973 quia
1377 2891 1427 2966 Io-

308 3017 378 3060 vem
400 2994 560 3078 imprimis,
583 2996 749 3078 parentemv
765 2991 870 3073 silvae,
894 2992 926 3057 in
948 2993 1052 3057 animo
1074 2993 1178 3058 habet.

408 3097 460 3163 36.
505 3098 577 3161 Ioue
608 3117 665 3179 pro
700 3095 850 3160 librorum
881 3096 939 3160 rra
971 3096 1147 3161 coniectum
1177 3120 1198 3160 a
1222 3096 1357 3162 Maehlio
1393 3072 1433 3165 et

185 3269 194 3290 ο
308 3201 445 3284 Hauptio
478 3222 573 3264 sensu
603 3204 635 3266 et
667 3199 879 3264 concinnitate
909 3222 973 3263 non
1003 3200 1096 3266 modo
1118 3200 1221 3282 huius,
1251 3201 1424 3268 sedetiam

308 3304 477 3387 Vergiliani
498 3304 558 3368 loci
586 3304 640 3368 ecl.
663 3303 766 3368 11161
799 3305 857 3368 Ille
885 3305 956 3368 cob't
977 3310 1081 3386 terras,
1113 3306 1162 3369 tue·
1188 3327 1258 3370 meu
1280 3307 1426 3372 earmina

307 3427 400 3471 curce
434 3408 627 3489 postulatur;
666 3405 822 3471 ablativus
853 3429 935 3487 vero,
969 3430 1060 3490 quem
1092 3431 1168 3473 voce
1198 3411 1271 3474 haec
1301 3413 1425 3474 retenta

308 3510 414 3593 Haupt
429 3510 618 3575 laudavit—
629 3509 753 3592 Maehly
769 3514 873 3576 autem
890 3511 938 3592 ab,
954 3511 1111 3575 Baehrens
1126 3533 1158 3576 ec
1172 3513 1420 3579 coniecerunt—

309 3635 365 3696 pro
384 3613 522 3678 ablativo
538 3637 576 3678 ex
592 3614 821 3696 praepositione
836 3615 876 3679 ab
890 3615 1045 3697 pendente
1067 3615 1161 3678 etiam
1177 3616 1333 3680 invenitur
1348 3617 1422 3682 Hor.

309 3716 363 3780 ol
384 3717 458 3797 6,1.
483 3717 571 3800 epist.
596 3718 609 3780 I
638 3719 665 3798 l,
692 3718 748 3798 94;
776 3719 825 3798 19,
850 3718 897 3782 13.
943 3718 1031 3782 Ovid.
1055 3718 1118 3782 her.
1141 3718 1199 3782 XII
1224 3720 1300 3798 1623
1330 3719 1423 3803 Prop.

309 3819 351 3882 ΙΙΙ
373 3820 423 3900 29,
447 3820 496 3883 41.
536 3820 713 3904 Aliquando
745 3821 843 3885 volui:
867 3822 1224 3906 Iuppiterhoncauetc':
1247 3823 1329 3887 ciuem
1349 3824 1424 3888 hoec

308 3922 366 3986 titt
385 3923 444 4006 fiat
463 3928 587 4006 oportet,
612 3923 694 3988 sicut
715 3923 800 3988 uicta·
820 3923 963 3988 scribunt
983 3948 1012 3988 v.
1036 3925 1087 3988 41.

409 4025 460 4089 41.
505 4027 579 4091 Nme
607 4028 724 4092 iterum
745 4029 846 4091 discet.
890 4029 991 4092 Huius
1013 4029 1074 4092 loci
1096 4027 1191 4092 nitori
1213 4028 1421 4111 corruptelam

309 4130 433 4195 officere
467 4129 559 4195 dolet.
615 4131 707 4196 Multi
741 4131 905 4196 ediderunt
939 4133 1050 4197 Noscct
1081 4134 1140 4197 tter
1174 4134 1290 4196 ducens
1321 4133 1422 4198 Erebo

307 4240 371 4314 tna,
394 4234 506 4318 quta,
527 4235 621 4316 Ditis,
644 4256 724 4316 quae
739 4234 832 4299 lectio
852 4234 901 4298 his
916 4238 1041 4300 tantum
1055 4235 1143 4299 libris
1157 4235 1314 4300 firmatur:
1337 4235 1417 4300 Med.

306 4337 320 4400 l
342 4357 421 4408 saec.
445 4337 500 4402 XV
521 4343 622 4404 noscet
642 4338 701 4404 iter
722 4338 828 4406 neren
855 4343 910 4404 tua
931 4339 1018 4428 lydio
1038 4339 1121 4424 ditis,
1154 4338 1251 4408 Paris.
1276 4338 1315 4407 IV
1337 4361 1417 4410 saec.
