3266 4914
786 346 996 410 ..38-

701 1156 706 1165 ยน
790 1189 984 1304 minae.

378 1365 537 1488 Battara,
561 1430 691 1490 cycneas
714 1416 890 1495 repetamus
912 1414 1047 1478 carmine
1070 1436 1172 1494 roceo,

377 1510 500 1576 Divisas
523 1515 637 1579 iterum
659 1516 747 1580 sedes
770 1520 801 1581 et
822 1540 894 1581 rura
916 1539 1073 1598 canamus,

378 1619 471 1699 Rura,
496 1621 609 1702 quibus
632 1622 714 1685 diras
736 1623 916 1701 indiximus
939 1622 1035 1704 impia
1056 1625 1139 1686 vota.

378 1723 460 1788 Ante
483 1725 572 1808 lupos
594 1726 717 1809 rapient
738 1727 838 1807 haedi,
862 1727 953 1791 vituli
974 1730 1047 1791 ante
1068 1725 1183 1806 leones

378 1828 524 1912 Delphini
546 1829 668 1912 fugient
689 1831 799 1913 piscaS,
822 1830 944 1912 aquilae
967 1835 1039 1896 ante
1062 1829 1231 1909 columbas,

378 1931 419 1996 Et
441 1954 590 1996 conversa
612 1927 694 1998 retro
717 1956 819 1998 rerum
842 1934 997 1997 discordia
1018 1934 1137 2016 gliscet,

421 2035 520 2101 Multa
541 2038 627 2119 prius
648 2037 733 2118 fient,
757 2060 849 2119 quam
872 2059 935 2101 non
958 2059 1027 2102 mea
1049 2037 1146 2101 libera
1168 2061 1274 2102 avena.

379 2221 551 2308 ittontibus
574 2232 606 2293 et
627 2227 713 2292 silvis
736 2227 836 2291 dicam
858 2232 914 2293 tua
938 2227 1030 2309 facta,
1053 2227 1201 2311 Lycurge,

378 2332 492 2414 Impia:
516 2331 693 2396 Trinacriae
715 2332 910 2397 sterilescant
931 2331 1061 2414 gaudia3
1085 2331 1175 2396 vobis

378 2434 443 2498 Nec
466 2434 608 2516 fecunda,
631 2437 714 2500 senis
737 2437 838 2509 nostri
859 2435 961 2500 felicia
982 2459 1063 2516 rura,

381 2536 509 2602 Semina
530 2539 706 2622 parturiant
726 2526 857 2623 segetes,
880 2561 943 2604 non
967 2561 1081 2623 pascua
1103 2538 1206 2619 colleS,

380 2641 452 2705 Non
475 2643 604 2708 arbusta
624 2666 722 2709 novas
744 2644 858 2727 fruges
881 2667 943 2709 non
967 2643 1132 2727 pampinus
1153 2666 1238 2723 uvas,

382 2745 471 2828 Ipsae
493 2769 556 2811 non
578 2747 674 2811 silvae
696 2747 830 2828 frondes
853 2771 916 2813 non
939 2749 1068 2812 flumina
1088 2752 1220 2812 montes.

420 2850 549 2933 Rursus,
573 2855 605 2917 et
625 2852 685 2918 hoc
707 2853 820 2918 iterum
842 2857 1027 2936 repetamus,
1051 2853 1188 2934 Battara,
1211 2874 1342 2917 carmen.

378 3038 507 3122 dffetaS,
531 3039 653 3106 Cereris
676 3042 763 3122 sulci,
786 3042 928 3107 condatis
950 3064 1074 3122 avenas,

376 3144 498 3210 Pallida
519 3146 689 3210 flavescant
710 3149 800 3210 aestu
822 3145 961 3209 sitientia
983 3149 1081 3228 prata,

378 3249 551 3313 immatura
572 3248 687 3313 cadant
707 3249 801 3312 ramis
823 3249 968 3331 pendent
946 3249 1102 3328 tmala,1a

373 3352 523 3417 Desinte
524 3353 647 3418 tsilvis
669 3351 849 3417 frondest
817 3357 849 3417 et
870 3352 938 3418 font
937 3353 1010 3417 ibus
1032 3375 1130 3432 umor,

423 3457 487 3521 Nec
509 3457 591 3522 desit
612 3457 727 3522 nostris
749 3457 897 3522 devotum
919 3479 1043 3521 carmen
1065 3458 1180 3522 avenis

372 3644 458 3727 ltine
479 3645 608 3709 Veneris
630 3645 716 3709 vario
739 3645 882 3709 florentia
904 3649 987 3711 serta
1009 3646 1127 3725 decoro,

376 3748 536 3830 Purpureo
560 3770 686 3831 campos
709 3772 788 3831 quae
810 3749 912 3832 pingit
933 3772 1028 3813 verna
1050 3749 1161 3829 colore,

379 3849 460 3913 Hinc
482 3872 574 3914 aurae
597 3851 711 3931 dulceS,
734 3850 807 3914 hinc
828 3851 933 3916 suavis
955 3851 1084 3934 spiritus
1103 3851 1169 3934 agri

376 3953 501 4018 Mutant
521 3953 684 4036 pestiferos
707 3958 812 4020 aestus
835 3960 865 4019 et
887 3958 988 4020 taetra
1010 3978 1143 4019 venena:

372 4056 482 4121 Dulcia
503 4080 567 4121 non
590 4059 696 4139 oculis,
719 4081 783 4123 non
805 4059 932 4122 auribus
954 4059 1017 4122 ulla
1038 4059 1185 4127 ferantur.

420 4159 473 4226 Sic
495 4183 612 4244 precor,
634 4167 669 4227 et
689 4163 804 4228 nostris
826 4166 974 4246 superent
994 4162 1071 4227 haec
1093 4164 1231 4229 carmina
1251 4164 1342 4229 votis
1402 4180 1437 4232 25

438 4363 471 4416 m
490 4380 570 4419 verna
590 4363 726 4434 Heinsius,
753 4381 836 4421 avena
852 4366 922 4446 codd.
