<?xml version="1.0" encoding="UTF-8"?>
<!DOCTYPE html PUBLIC "-//W3C//DTD XHTML 1.0 Transitional//EN"
    "http://www.w3.org/TR/xhtml1/DTD/xhtml1-transitional.dtd">
<html xmlns="http://www.w3.org/1999/xhtml" xml:lang="en" lang="en">
 <head>
  <title>
</title>
<meta http-equiv="Content-Type" content="text/html;charset=utf-8" />
  <meta name='ocr-system' content='tesseract 3.04.00' />
  <meta name='ocr-capabilities' content='ocr_page ocr_carea ocr_par ocr_line ocrx_word'/>
</head>
<body>
  <div class='ocr_page' id='page_1' title='image "./devaleriocatone00eskugoog_0078.png"; bbox 0 0 3266 4914; ppageno 0'>
   <div class='ocr_carea' id='block_1_1' title="bbox 707 329 917 394">
    <p class='ocr_par' dir='ltr' id='par_1_1' title="bbox 707 329 917 394">
     <span class='ocr_line' id='line_1_1' title="bbox 707 329 917 394; baseline 0.005 -19"><span class='ocrx_word' id='word_1_1' title='bbox 707 329 917 394; x_wconf 66' lang='lat'>..71-</span> 
     </span>
    </p>
   </div>
   <div class='ocr_carea' id='block_1_2' title="bbox 197 501 1414 4424">
    <p class='ocr_par' dir='ltr' id='par_1_2' title="bbox 248 501 1370 688">
     <span class='ocr_line' id='line_1_2' title="bbox 248 501 1370 592; baseline 0.004 -28"><span class='ocrx_word' id='word_1_2' title='bbox 248 501 397 584; x_wconf 90' lang='lat' dir='ltr'>ponebat,</span> <span class='ocrx_word' id='word_1_3' title='bbox 431 501 560 592; x_wconf 88' lang='lat' dir='ltr'>longum</span> <span class='ocrx_word' id='word_1_4' title='bbox 596 503 746 584; x_wconf 87' lang='lat' dir='ltr'>temporis</span> <span class='ocrx_word' id='word_1_5' title='bbox 780 527 818 566; x_wconf 88' lang='lat' dir='ltr'>ex</span> <span class='ocrx_word' id='word_1_6' title='bbox 851 527 998 586; x_wconf 89' lang='lat' dir='ltr'>agrorum</span> <span class='ocrx_word' id='word_1_7' title='bbox 1029 504 1196 568; x_wconf 89' lang='lat' dir='ltr'>amissione</span> <span class='ocrx_word' id='word_1_8' title='bbox 1234 506 1370 588; x_wconf 89' lang='lat' dir='ltr'>spatium</span> 
     </span>
     <span class='ocr_line' id='line_1_3' title="bbox 250 606 781 688; baseline 0.004 -19"><span class='ocrx_word' id='word_1_9' title='bbox 250 606 430 688; x_wconf 87' lang='lat' dir='ltr'>praeteriise</span> <span class='ocrx_word' id='word_1_10' title='bbox 452 628 527 668; x_wconf 82' lang='lat' dir='ltr'>mox</span> <span class='ocrx_word' id='word_1_11' title='bbox 550 607 781 671; x_wconf 81' lang='lat' dir='ltr'>demonstrabo</span> 
     </span>
    </p>

    <p class='ocr_par' dir='ltr' id='par_1_3' title="bbox 197 709 1414 3389">
     <span class='ocr_line' id='line_1_4' title="bbox 348 709 1370 794; baseline 0.002 -20"><span class='ocrx_word' id='word_1_12' title='bbox 348 709 392 774; x_wconf 90' lang='lat' dir='ltr'>Ut</span> <span class='ocrx_word' id='word_1_13' title='bbox 414 711 512 792; x_wconf 91' lang='lat' dir='ltr'>igitur</span> <span class='ocrx_word' id='word_1_14' title='bbox 535 710 698 774; x_wconf 90' lang='lat' dir='ltr'>hominum</span> <span class='ocrx_word' id='word_1_15' title='bbox 722 715 778 792; x_wconf 92' lang='lat' dir='ltr'>est,</span> <span class='ocrx_word' id='word_1_16' title='bbox 803 713 926 776; x_wconf 88' lang='lat' dir='ltr'>animus</span> <span class='ocrx_word' id='word_1_17' title='bbox 949 717 1063 794; x_wconf 90' lang='lat' dir='ltr'>poetae</span> <span class='ocrx_word' id='word_1_18' title='bbox 1084 716 1162 792; x_wconf 89' lang='lat' dir='ltr'>tum,</span> <span class='ocrx_word' id='word_1_19' title='bbox 1186 734 1257 776; x_wconf 93' lang='lat' dir='ltr'>cum</span> <span class='ocrx_word' id='word_1_20' title='bbox 1279 713 1370 776; x_wconf 85' lang='lat' dir='ltr'><strong>Diras</strong></span> 
     </span>
     <span class='ocr_line' id='line_1_5' title="bbox 247 813 1370 893; baseline 0.005 -19"><span class='ocrx_word' id='word_1_21' title='bbox 247 813 412 893; x_wconf 88' lang='lat' dir='ltr'>condebat,</span> <span class='ocrx_word' id='word_1_22' title='bbox 449 814 646 878; x_wconf 89' lang='lat' dir='ltr'>constantius</span> <span class='ocrx_word' id='word_1_23' title='bbox 685 817 800 880; x_wconf 89' lang='lat' dir='ltr'>sentire</span> <span class='ocrx_word' id='word_1_24' title='bbox 833 821 1039 881; x_wconf 88' lang='lat' dir='ltr'>consueverat</span> <span class='ocrx_word' id='word_1_25' title='bbox 1070 817 1107 879; x_wconf 92' lang='lat' dir='ltr'>de</span> <span class='ocrx_word' id='word_1_26' title='bbox 1141 817 1308 880; x_wconf 88' lang='lat' dir='ltr'>amissione</span> <span class='ocrx_word' id='word_1_27' title='bbox 1339 821 1370 880; x_wconf 89' lang='lat' dir='ltr'>et</span> 
     </span>
     <span class='ocr_line' id='line_1_6' title="bbox 248 915 1371 1002; baseline 0.002 -22"><span class='ocrx_word' id='word_1_28' title='bbox 248 915 339 980; x_wconf 88' lang='lat' dir='ltr'>fundi</span> <span class='ocrx_word' id='word_1_29' title='bbox 368 921 400 980; x_wconf 92' lang='lat' dir='ltr'>et</span> <span class='ocrx_word' id='word_1_30' title='bbox 421 916 551 999; x_wconf 89' lang='lat' dir='ltr'>puellae,</span> <span class='ocrx_word' id='word_1_31' title='bbox 582 939 662 999; x_wconf 89' lang='lat' dir='ltr'>quae</span> <span class='ocrx_word' id='word_1_32' title='bbox 685 920 769 1000; x_wconf 92' lang='lat' dir='ltr'>quod</span> <span class='ocrx_word' id='word_1_33' title='bbox 791 942 853 984; x_wconf 89' lang='lat' dir='ltr'>non</span> <span class='ocrx_word' id='word_1_34' title='bbox 877 941 948 983; x_wconf 90' lang='lat' dir='ltr'>cum</span> <span class='ocrx_word' id='word_1_35' title='bbox 970 919 1167 1002; x_wconf 87' lang='lat' dir='ltr'>pauperrimo</span> <span class='ocrx_word' id='word_1_36' title='bbox 1191 919 1371 982; x_wconf 90' lang='lat' dir='ltr'>adulescen-</span> 
     </span>
     <span class='ocr_line' id='line_1_7' title="bbox 247 1019 1370 1106; baseline 0.002 -22"><span class='ocrx_word' id='word_1_37' title='bbox 247 1019 314 1084; x_wconf 84' lang='lat' dir='ltr'>tul&#39;o</span> <span class='ocrx_word' id='word_1_38' title='bbox 338 1021 370 1083; x_wconf 90' lang='lat' dir='ltr'>in</span> <span class='ocrx_word' id='word_1_39' title='bbox 393 1019 538 1085; x_wconf 84' lang='lat' dir='ltr'>exsilium</span> <span class='ocrx_word' id='word_1_40' title='bbox 561 1022 751 1104; x_wconf 74' lang='lat' dir='ltr'>migraverit,</span> <span class='ocrx_word' id='word_1_41' title='bbox 783 1024 838 1087; x_wconf 90' lang='lat' dir='ltr'>sed</span> <span class='ocrx_word' id='word_1_42' title='bbox 861 1045 959 1087; x_wconf 94' lang='lat' dir='ltr'>unum</span> <span class='ocrx_word' id='word_1_43' title='bbox 982 1047 998 1087; x_wconf 95' lang='lat' dir='ltr'>e</span> <span class='ocrx_word' id='word_1_44' title='bbox 1021 1023 1111 1088; x_wconf 88' lang='lat' dir='ltr'>novis</span> <span class='ocrx_word' id='word_1_45' title='bbox 1135 1023 1370 1106; x_wconf 83' lang='lat' dir='ltr'>possessoribus</span> 
     </span>
     <span class='ocr_line' id='line_1_8' title="bbox 247 1124 1370 1210; baseline 0.002 -23"><span class='ocrx_word' id='word_1_46' title='bbox 247 1125 306 1204; x_wconf 87' lang='lat' dir='ltr'>vel,</span> <span class='ocrx_word' id='word_1_47' title='bbox 339 1125 366 1188; x_wconf 92' lang='lat' dir='ltr'>si</span> <span class='ocrx_word' id='word_1_48' title='bbox 387 1124 493 1189; x_wconf 88' lang='lat' dir='ltr'>ludere</span> <span class='ocrx_word' id='word_1_49' title='bbox 516 1125 598 1206; x_wconf 90' lang='lat' dir='ltr'>licet,</span> <span class='ocrx_word' id='word_1_50' title='bbox 622 1126 757 1190; x_wconf 84' lang='lat' dir='ltr'>fortasse</span> <span class='ocrx_word' id='word_1_51' title='bbox 779 1149 887 1190; x_wconf 91' lang='lat' dir='ltr'>omnes</span> <span class='ocrx_word' id='word_1_52' title='bbox 910 1126 1112 1207; x_wconf 90' lang='lat' dir='ltr'>adamaverit,</span> <span class='ocrx_word' id='word_1_53' title='bbox 1144 1127 1222 1190; x_wconf 93' lang='lat' dir='ltr'>mihi</span> <span class='ocrx_word' id='word_1_54' title='bbox 1245 1127 1370 1210; x_wconf 93' lang='lat' dir='ltr'>quidem</span> 
     </span>
     <span class='ocr_line' id='line_1_9' title="bbox 248 1228 1414 1313; baseline 0.003 -24"><span class='ocrx_word' id='word_1_55' title='bbox 248 1249 311 1290; x_wconf 91' lang='lat' dir='ltr'>non</span> <span class='ocrx_word' id='word_1_56' title='bbox 340 1228 455 1291; x_wconf 89' lang='lat' dir='ltr'>nimiae</span> <span class='ocrx_word' id='word_1_57' title='bbox 490 1229 692 1294; x_wconf 82' lang='lat' dir='ltr'>admirationi</span> <span class='ocrx_word' id='word_1_58' title='bbox 725 1235 782 1310; x_wconf 90' lang='lat' dir='ltr'>est,</span> <span class='ocrx_word' id='word_1_59' title='bbox 817 1231 924 1312; x_wconf 90' lang='lat' dir='ltr'>itaque</span> <span class='ocrx_word' id='word_1_60' title='bbox 956 1231 1060 1294; x_wconf 91' lang='lat' dir='ltr'>minus</span> <span class='ocrx_word' id='word_1_61' title='bbox 1083 1231 1246 1295; x_wconf 90' lang='lat' dir='ltr'>tristitiam</span> <span class='ocrx_word' id='word_1_62' title='bbox 1275 1251 1370 1313; x_wconf 93' lang='lat' dir='ltr'>quam</span> <span class='ocrx_word' id='word_1_63' title='bbox 1413 1245 1414 1248; x_wconf 74' lang='grc'>’</span> 
     </span>
     <span class='ocr_line' id='line_1_10' title="bbox 248 1332 1372 1415; baseline 0.002 -21"><span class='ocrx_word' id='word_1_64' title='bbox 248 1333 335 1412; x_wconf 89' lang='lat' dir='ltr'>iram,</span> <span class='ocrx_word' id='word_1_65' title='bbox 367 1332 471 1395; x_wconf 90' lang='lat' dir='ltr'>minus</span> <span class='ocrx_word' id='word_1_66' title='bbox 500 1332 638 1396; x_wconf 88' lang='lat' dir='ltr'>dolorem</span> <span class='ocrx_word' id='word_1_67' title='bbox 662 1355 756 1415; x_wconf 94' lang='lat' dir='ltr'>quam</span> <span class='ocrx_word' id='word_1_68' title='bbox 779 1334 925 1414; x_wconf 83' lang='lat' dir='ltr'>furorem,</span> <span class='ocrx_word' id='word_1_69' title='bbox 955 1335 1061 1398; x_wconf 92' lang='lat' dir='ltr'>minus</span> <span class='ocrx_word' id='word_1_70' title='bbox 1084 1335 1372 1399; x_wconf 72' lang='lat' dir='ltr'>consternationem</span> 
     </span>
     <span class='ocr_line' id='line_1_11' title="bbox 248 1435 1371 1519; baseline 0.002 -22"><span class='ocrx_word' id='word_1_71' title='bbox 248 1435 391 1500; x_wconf 91' lang='lat' dir='ltr'>cantavit</span> <span class='ocrx_word' id='word_1_72' title='bbox 412 1457 507 1517; x_wconf 87' lang='lat' dir='ltr'>quam</span> <span class='ocrx_word' id='word_1_73' title='bbox 529 1436 787 1518; x_wconf 90' lang='lat' dir='ltr'>indignationem.</span> <span class='ocrx_word' id='word_1_74' title='bbox 833 1438 899 1500; x_wconf 89' lang='lat' dir='ltr'>Iam</span> <span class='ocrx_word' id='word_1_75' title='bbox 922 1460 995 1500; x_wconf 82' lang='lat' dir='ltr'>vero</span> <span class='ocrx_word' id='word_1_76' title='bbox 1020 1441 1052 1502; x_wconf 96' lang='lat' dir='ltr'>et</span> <span class='ocrx_word' id='word_1_77' title='bbox 1073 1437 1323 1519; x_wconf 76' lang='lat' dir='ltr'>indignationem</span> <span class='ocrx_word' id='word_1_78' title='bbox 1338 1437 1371 1499; x_wconf 92' lang='lat' dir='ltr'>in</span> 
     </span>
     <span class='ocr_line' id='line_1_12' title="bbox 247 1538 1373 1624; baseline 0.002 -23"><span class='ocrx_word' id='word_1_79' title='bbox 247 1538 330 1602; x_wconf 87' lang='lat' dir='ltr'>Diris</span> <span class='ocrx_word' id='word_1_80' title='bbox 346 1539 531 1620; x_wconf 91' lang='lat' dir='ltr'>agnovimus</span> <span class='ocrx_word' id='word_1_81' title='bbox 554 1543 585 1604; x_wconf 92' lang='lat' dir='ltr'>et</span> <span class='ocrx_word' id='word_1_82' title='bbox 606 1541 849 1624; x_wconf 64' lang='lat' dir='ltr'>Indignatio</span> <span class='ocrx_word' id='word_1_83' title='bbox 870 1541 936 1623; x_wconf 90' lang='lat' dir='ltr'>ipse</span> <span class='ocrx_word' id='word_1_84' title='bbox 958 1541 1070 1605; x_wconf 89' lang='lat' dir='ltr'>titulus</span> <span class='ocrx_word' id='word_1_85' title='bbox 1092 1539 1153 1604; x_wconf 89' lang='lat' dir='ltr'>fuit</span> <span class='ocrx_word' id='word_1_86' title='bbox 1174 1541 1254 1604; x_wconf 89' lang='lat' dir='ltr'>alius</span> <span class='ocrx_word' id='word_1_87' title='bbox 1270 1540 1373 1604; x_wconf 87' lang='lat' dir='ltr'>cuius-</span> 
     </span>
     <span class='ocr_line' id='line_1_13' title="bbox 249 1641 1371 1727; baseline 0.003 -22"><span class='ocrx_word' id='word_1_88' title='bbox 249 1642 319 1705; x_wconf 86' lang='lat' dir='ltr'>dam</span> <span class='ocrx_word' id='word_1_89' title='bbox 350 1641 422 1706; x_wconf 93' lang='lat' dir='ltr'>libri</span> <span class='ocrx_word' id='word_1_90' title='bbox 452 1641 628 1707; x_wconf 85' lang='lat' dir='ltr'>Catoniani.</span> <span class='ocrx_word' id='word_1_91' title='bbox 674 1643 703 1706; x_wconf 87' lang='lat' dir='ltr'>Is</span> <span class='ocrx_word' id='word_1_92' title='bbox 726 1648 832 1708; x_wconf 92' lang='lat' dir='ltr'>utrum</span> <span class='ocrx_word' id='word_1_93' title='bbox 855 1644 1018 1727; x_wconf 88' lang='lat' dir='ltr'>prosaicus</span> <span class='ocrx_word' id='word_1_94' title='bbox 1041 1667 1080 1707; x_wconf 90' lang='lat' dir='ltr'>an</span> <span class='ocrx_word' id='word_1_95' title='bbox 1104 1645 1246 1726; x_wconf 90' lang='lat' dir='ltr'>poeticus</span> <span class='ocrx_word' id='word_1_96' title='bbox 1268 1642 1371 1722; x_wconf 90' lang='lat' dir='ltr'>fuerit,</span> 
     </span>
     <span class='ocr_line' id='line_1_14' title="bbox 251 1746 1372 1832; baseline -0.001 -22"><span class='ocrx_word' id='word_1_97' title='bbox 251 1746 422 1811; x_wconf 84' lang='lat' dir='ltr'>Suetonius</span> <span class='ocrx_word' id='word_1_98' title='bbox 454 1751 547 1812; x_wconf 88' lang='lat' dir='ltr'>tacet.</span> <span class='ocrx_word' id='word_1_99' title='bbox 604 1748 717 1811; x_wconf 87' lang='lat' dir='ltr'>Verum</span> <span class='ocrx_word' id='word_1_100' title='bbox 749 1749 832 1812; x_wconf 94' lang='lat' dir='ltr'>enim</span> <span class='ocrx_word' id='word_1_101' title='bbox 862 1751 898 1812; x_wconf 94' lang='lat' dir='ltr'>ut</span> <span class='ocrx_word' id='word_1_102' title='bbox 929 1749 962 1812; x_wconf 92' lang='lat' dir='ltr'>in</span> <span class='ocrx_word' id='word_1_103' title='bbox 985 1749 1053 1830; x_wconf 92' lang='lat' dir='ltr'>ipso</span> <span class='ocrx_word' id='word_1_104' title='bbox 1076 1748 1257 1832; x_wconf 69' lang='lat' dir='ltr'>Indignatio</span> <span class='ocrx_word' id='word_1_105' title='bbox 1279 1747 1372 1812; x_wconf 93' lang='lat' dir='ltr'>titulo</span> 
     </span>
     <span class='ocr_line' id='line_1_15' title="bbox 247 1851 1371 1935; baseline 0.003 -22"><span class='ocrx_word' id='word_1_106' title='bbox 247 1872 317 1914; x_wconf 92' lang='lat' dir='ltr'>mea</span> <span class='ocrx_word' id='word_1_107' title='bbox 339 1851 465 1933; x_wconf 91' lang='lat' dir='ltr'>quidem</span> <span class='ocrx_word' id='word_1_108' title='bbox 487 1851 644 1916; x_wconf 90' lang='lat' dir='ltr'>sententia</span> <span class='ocrx_word' id='word_1_109' title='bbox 675 1851 793 1934; x_wconf 91' lang='lat' dir='ltr'>aliquid</span> <span class='ocrx_word' id='word_1_110' title='bbox 816 1851 958 1932; x_wconf 91' lang='lat' dir='ltr'>sublime,</span> <span class='ocrx_word' id='word_1_111' title='bbox 995 1852 1114 1935; x_wconf 90' lang='lat' dir='ltr'>aliquid</span> <span class='ocrx_word' id='word_1_112' title='bbox 1143 1851 1259 1934; x_wconf 90' lang='lat' dir='ltr'>poetici</span> <span class='ocrx_word' id='word_1_113' title='bbox 1280 1851 1371 1930; x_wconf 89' lang='lat' dir='ltr'>inest,</span> 
     </span>
     <span class='ocr_line' id='line_1_16' title="bbox 248 1955 1372 2039; baseline 0 -22"><span class='ocrx_word' id='word_1_114' title='bbox 248 1955 293 2020; x_wconf 90' lang='lat' dir='ltr'>ita</span> <span class='ocrx_word' id='word_1_115' title='bbox 315 1977 424 2019; x_wconf 87' lang='lat' dir='ltr'>vocem</span> <span class='ocrx_word' id='word_1_116' title='bbox 446 1955 531 2018; x_wconf 92' lang='lat' dir='ltr'>illam</span> <span class='ocrx_word' id='word_1_117' title='bbox 553 1956 709 2020; x_wconf 89' lang='lat' dir='ltr'>luvenalis</span> <span class='ocrx_word' id='word_1_118' title='bbox 739 1957 816 2039; x_wconf 78' lang='lat' dir='ltr'>fucit</span> <span class='ocrx_word' id='word_1_119' title='bbox 849 1957 1031 2038; x_wconf 70' lang='lat' dir='ltr'>indignatio</span> <span class='ocrx_word' id='word_1_120' title='bbox 1058 1977 1183 2020; x_wconf 78' lang='lat' dir='ltr'>corsano</span> <span class='ocrx_word' id='word_1_121' title='bbox 1216 1955 1311 2019; x_wconf 90' lang='lat' dir='ltr'>etiam</span> <span class='ocrx_word' id='word_1_122' title='bbox 1334 1956 1372 2018; x_wconf 94' lang='lat' dir='ltr'>de</span> 
     </span>
     <span class='ocr_line' id='line_1_17' title="bbox 256 2058 1372 2142; baseline 0 -20"><span class='ocrx_word' id='word_1_123' title='bbox 256 2081 292 2122; x_wconf 92' lang='lat' dir='ltr'>eo</span> <span class='ocrx_word' id='word_1_124' title='bbox 315 2059 395 2122; x_wconf 91' lang='lat' dir='ltr'>libro</span> <span class='ocrx_word' id='word_1_125' title='bbox 418 2058 521 2122; x_wconf 90' lang='lat' dir='ltr'>valere</span> <span class='ocrx_word' id='word_1_126' title='bbox 550 2059 719 2123; x_wconf 91' lang='lat' dir='ltr'>verisimile</span> <span class='ocrx_word' id='word_1_127' title='bbox 743 2064 799 2140; x_wconf 85' lang='lat' dir='ltr'>est,</span> <span class='ocrx_word' id='word_1_128' title='bbox 834 2061 884 2124; x_wconf 94' lang='lat' dir='ltr'>cui</span> <span class='ocrx_word' id='word_1_129' title='bbox 913 2059 996 2124; x_wconf 93' lang='lat' dir='ltr'>ultro</span> <span class='ocrx_word' id='word_1_130' title='bbox 1029 2060 1156 2125; x_wconf 91' lang='lat' dir='ltr'>titulum</span> <span class='ocrx_word' id='word_1_131' title='bbox 1188 2060 1372 2142; x_wconf 70' lang='lat' dir='ltr'>Indignatio</span> 
     </span>
     <span class='ocr_line' id='line_1_18' title="bbox 253 2163 1369 2246; baseline 0 -20"><span class='ocrx_word' id='word_1_132' title='bbox 253 2163 387 2245; x_wconf 81' lang='lat' dir='ltr'>scriptor</span> <span class='ocrx_word' id='word_1_133' title='bbox 418 2164 545 2228; x_wconf 89' lang='lat' dir='ltr'>dederit.</span> <span class='ocrx_word' id='word_1_134' title='bbox 602 2163 743 2246; x_wconf 90' lang='lat' dir='ltr'>Denique</span> <span class='ocrx_word' id='word_1_135' title='bbox 777 2165 862 2246; x_wconf 91' lang='lat' dir='ltr'>ipsas</span> <span class='ocrx_word' id='word_1_136' title='bbox 890 2164 980 2228; x_wconf 89' lang='lat' dir='ltr'>Diras</span> <span class='ocrx_word' id='word_1_137' title='bbox 1003 2165 1035 2227; x_wconf 91' lang='lat' dir='ltr'>iu</span> <span class='ocrx_word' id='word_1_138' title='bbox 1058 2164 1163 2228; x_wconf 91' lang='lat' dir='ltr'>libello</span> <span class='ocrx_word' id='word_1_139' title='bbox 1186 2164 1369 2246; x_wconf 76' lang='lat' dir='ltr'>Indiqnuiio</span> 
     </span>
     <span class='ocr_line' id='line_1_19' title="bbox 253 2265 1373 2350; baseline 0.001 -21"><span class='ocrx_word' id='word_1_140' title='bbox 253 2265 412 2331; x_wconf 84' lang='lat' dir='ltr'>exstitisse</span> <span class='ocrx_word' id='word_1_141' title='bbox 449 2271 576 2349; x_wconf 91' lang='lat' dir='ltr'>propter</span> <span class='ocrx_word' id='word_1_142' title='bbox 613 2271 869 2349; x_wconf 91' lang='lat' dir='ltr'>argumentorum</span> <span class='ocrx_word' id='word_1_143' title='bbox 915 2267 1106 2350; x_wconf 85' lang='lat' dir='ltr'>aequitatem</span> <span class='ocrx_word' id='word_1_144' title='bbox 1149 2268 1241 2332; x_wconf 90' lang='lat' dir='ltr'>credo</span> <span class='ocrx_word' id='word_1_145' title='bbox 1277 2271 1373 2349; x_wconf 90' lang='lat' dir='ltr'>atque</span> 
     </span>
     <span class='ocr_line' id='line_1_20' title="bbox 253 2370 1374 2454; baseline 0.003 -21"><span class='ocrx_word' id='word_1_146' title='bbox 253 2370 385 2434; x_wconf 87' lang='lat' dir='ltr'>confide.</span> <span class='ocrx_word' id='word_1_147' title='bbox 443 2371 563 2453; x_wconf 86' lang='lat' dir='ltr'>Nempe</span> <span class='ocrx_word' id='word_1_148' title='bbox 592 2375 753 2436; x_wconf 84' lang='lat' dir='ltr'>auctorem</span> <span class='ocrx_word' id='word_1_149' title='bbox 781 2371 926 2435; x_wconf 91' lang='lat' dir='ltr'>Dirarum</span> <span class='ocrx_word' id='word_1_150' title='bbox 956 2371 1045 2454; x_wconf 89' lang='lat' dir='ltr'>plura</span> <span class='ocrx_word' id='word_1_151' title='bbox 1075 2372 1213 2436; x_wconf 91' lang='lat' dir='ltr'>carmina</span> <span class='ocrx_word' id='word_1_152' title='bbox 1244 2372 1374 2436; x_wconf 90' lang='lat' dir='ltr'>materie</span> 
     </span>
     <span class='ocr_line' id='line_1_21' title="bbox 251 2474 1375 2558; baseline 0.002 -21"><span class='ocrx_word' id='word_1_153' title='bbox 251 2475 326 2539; x_wconf 89' lang='lat' dir='ltr'>item</span> <span class='ocrx_word' id='word_1_154' title='bbox 360 2474 445 2539; x_wconf 90' lang='lat' dir='ltr'>tristi</span> <span class='ocrx_word' id='word_1_155' title='bbox 476 2474 625 2538; x_wconf 86' lang='lat' dir='ltr'>cecinisse</span> <span class='ocrx_word' id='word_1_156' title='bbox 659 2475 760 2539; x_wconf 91' lang='lat' dir='ltr'>elucet</span> <span class='ocrx_word' id='word_1_157' title='bbox 794 2498 810 2538; x_wconf 92' lang='lat' dir='ltr'>e</span> <span class='ocrx_word' id='word_1_158' title='bbox 839 2475 982 2539; x_wconf 88' lang='lat' dir='ltr'>versibus</span> <span class='ocrx_word' id='word_1_159' title='bbox 1007 2477 1022 2538; x_wconf 89' lang='lat'>1</span> <span class='ocrx_word' id='word_1_160' title='bbox 1048 2497 1115 2558; x_wconf 86' lang='lat' dir='ltr'>sqq.</span> <span class='ocrx_word' id='word_1_161' title='bbox 1141 2479 1172 2540; x_wconf 89' lang='lat' dir='ltr'>et</span> <span class='ocrx_word' id='word_1_162' title='bbox 1194 2475 1236 2540; x_wconf 86' lang='grc'>34</span> <span class='ocrx_word' id='word_1_163' title='bbox 1258 2477 1375 2540; x_wconf 83' lang='lat' dir='ltr'>nostris</span> 
     </span>
     <span class='ocr_line' id='line_1_22' title="bbox 249 2579 1374 2663; baseline 0 -21"><span class='ocrx_word' id='word_1_164' title='bbox 249 2579 357 2663; x_wconf 81' lang='lat' dir='ltr'>potius</span> <span class='ocrx_word' id='word_1_165' title='bbox 378 2581 485 2642; x_wconf 79' lang='lat' dir='ltr'>denota</span> <span class='ocrx_word' id='word_1_166' title='bbox 507 2579 615 2642; x_wconf 79' lang='lat' dir='ltr'>libellis</span> <span class='ocrx_word' id='word_1_167' title='bbox 638 2582 731 2662; x_wconf 85' lang='lat' dir='ltr'>etex</span> <span class='ocrx_word' id='word_1_168' title='bbox 753 2583 839 2643; x_wconf 86' lang='lat' dir='ltr'>statu</span> <span class='ocrx_word' id='word_1_169' title='bbox 862 2579 960 2662; x_wconf 93' lang='lat' dir='ltr'>ipsius</span> <span class='ocrx_word' id='word_1_170' title='bbox 985 2579 1142 2660; x_wconf 86' lang='lat' dir='ltr'>carminis,</span> <span class='ocrx_word' id='word_1_171' title='bbox 1174 2580 1258 2662; x_wconf 94' lang='lat' dir='ltr'>quod</span> <span class='ocrx_word' id='word_1_172' title='bbox 1280 2583 1374 2661; x_wconf 91' lang='lat' dir='ltr'>poeta</span> 
     </span>
     <span class='ocr_line' id='line_1_23' title="bbox 197 2682 1374 2768; baseline 0.001 -22"><span class='ocrx_word' id='word_1_173' title='bbox 197 2749 204 2768; x_wconf 32' lang='lat' dir='ltr'>s</span> <span class='ocrx_word' id='word_1_174' title='bbox 250 2683 313 2746; x_wconf 90' lang='lat' dir='ltr'>nisi</span> <span class='ocrx_word' id='word_1_175' title='bbox 343 2682 411 2746; x_wconf 91' lang='lat' dir='ltr'>aliis</span> <span class='ocrx_word' id='word_1_176' title='bbox 444 2683 638 2766; x_wconf 88' lang='lat' dir='ltr'>propinquae</span> <span class='ocrx_word' id='word_1_177' title='bbox 672 2685 716 2747; x_wconf 91' lang='lat' dir='ltr'>rei</span> <span class='ocrx_word' id='word_1_178' title='bbox 743 2683 896 2765; x_wconf 86' lang='lat' dir='ltr'>poematis</span> <span class='ocrx_word' id='word_1_179' title='bbox 925 2683 1121 2763; x_wconf 88' lang='lat' dir='ltr'>illustrasset,</span> <span class='ocrx_word' id='word_1_180' title='bbox 1155 2706 1193 2746; x_wconf 91' lang='lat' dir='ltr'>ne</span> <span class='ocrx_word' id='word_1_181' title='bbox 1224 2683 1374 2760; x_wconf 79' lang='lat' dir='ltr'>Romanis</span> 
     </span>
     <span class='ocr_line' id='line_1_24' title="bbox 250 2786 1374 2870; baseline -0.001 -20"><span class='ocrx_word' id='word_1_182' title='bbox 250 2789 376 2870; x_wconf 92' lang='lat' dir='ltr'>quidem</span> <span class='ocrx_word' id='word_1_183' title='bbox 422 2786 589 2868; x_wconf 86' lang='lat' dir='ltr'>legendum</span> <span class='ocrx_word' id='word_1_184' title='bbox 633 2786 830 2869; x_wconf 87' lang='lat' dir='ltr'>praebuisset</span> <span class='ocrx_word' id='word_1_185' title='bbox 877 2808 979 2868; x_wconf 91' lang='lat' dir='ltr'>neque</span> <span class='ocrx_word' id='word_1_186' title='bbox 1021 2810 1079 2851; x_wconf 92' lang='lat' dir='ltr'>nos</span> <span class='ocrx_word' id='word_1_187' title='bbox 1117 2787 1186 2851; x_wconf 88' lang='lat' dir='ltr'>aliis</span> <span class='ocrx_word' id='word_1_188' title='bbox 1223 2786 1374 2850; x_wconf 89' lang='lat' dir='ltr'>subsidiis</span> 
     </span>
     <span class='ocr_line' id='line_1_25' title="bbox 254 2889 1375 2974; baseline -0.004 -18"><span class='ocrx_word' id='word_1_189' title='bbox 254 2892 400 2957; x_wconf 91' lang='lat' dir='ltr'>destituti</span> <span class='ocrx_word' id='word_1_190' title='bbox 420 2912 560 2972; x_wconf 92' lang='lat' dir='ltr'>unquam</span> <span class='ocrx_word' id='word_1_191' title='bbox 582 2890 674 2974; x_wconf 91' lang='lat' dir='ltr'>plane</span> <span class='ocrx_word' id='word_1_192' title='bbox 688 2891 904 2974; x_wconf 81' lang='lat' dir='ltr'>percipiemus</span> <span class='ocrx_word' id='word_1_193' title='bbox 940 2890 1049 2973; x_wconf 90' lang='lat' dir='ltr'>Itaque</span> <span class='ocrx_word' id='word_1_194' title='bbox 1072 2891 1206 2955; x_wconf 89' lang='lat' dir='ltr'>arbitror</span> <span class='ocrx_word' id='word_1_195' title='bbox 1223 2889 1375 2955; x_wconf 85' lang='lat' dir='ltr'>Catonem</span> 
     </span>
     <span class='ocr_line' id='line_1_26' title="bbox 251 2994 1373 3077; baseline -0.003 -17"><span class='ocrx_word' id='word_1_196' title='bbox 251 3018 359 3060; x_wconf 89' lang='lat' dir='ltr'>omnes</span> <span class='ocrx_word' id='word_1_197' title='bbox 388 2994 550 3077; x_wconf 70' lang='lat' dir='ltr'>querellas</span> <span class='ocrx_word' id='word_1_198' title='bbox 587 3016 800 3076; x_wconf 88' lang='lat' dir='ltr'>quascumque</span> <span class='ocrx_word' id='word_1_199' title='bbox 828 2995 865 3058; x_wconf 92' lang='lat' dir='ltr'>de</span> <span class='ocrx_word' id='word_1_200' title='bbox 888 2994 970 3058; x_wconf 92' lang='lat' dir='ltr'>mala</span> <span class='ocrx_word' id='word_1_201' title='bbox 992 2995 1127 3075; x_wconf 87' lang='lat' dir='ltr'>fortuna,</span> <span class='ocrx_word' id='word_1_202' title='bbox 1157 2994 1245 3058; x_wconf 89' lang='lat' dir='ltr'>cuius</span> <span class='ocrx_word' id='word_1_203' title='bbox 1275 2997 1373 3058; x_wconf 91' lang='lat' dir='ltr'>testes</span> 
     </span>
     <span class='ocr_line' id='line_1_27' title="bbox 253 3097 1375 3179; baseline -0.003 -15"><span class='ocrx_word' id='word_1_204' title='bbox 253 3105 328 3164; x_wconf 92' lang='lat' dir='ltr'>sunt</span> <span class='ocrx_word' id='word_1_205' title='bbox 350 3099 521 3163; x_wconf 83' lang='lat' dir='ltr'>Suetonius</span> <span class='ocrx_word' id='word_1_206' title='bbox 544 3103 574 3162; x_wconf 87' lang='lat' dir='ltr'>et</span> <span class='ocrx_word' id='word_1_207' title='bbox 590 3098 769 3178; x_wconf 90' lang='lat' dir='ltr'>Bibaculus,</span> <span class='ocrx_word' id='word_1_208' title='bbox 792 3098 917 3162; x_wconf 89' lang='lat' dir='ltr'>fidibus&#39;</span> <span class='ocrx_word' id='word_1_209' title='bbox 931 3098 1134 3178; x_wconf 90' lang='lat' dir='ltr'>mandaverit,</span> <span class='ocrx_word' id='word_1_210' title='bbox 1159 3097 1321 3179; x_wconf 84' lang='lat' dir='ltr'>collegisse</span> <span class='ocrx_word' id='word_1_211' title='bbox 1343 3103 1375 3161; x_wconf 92' lang='lat' dir='ltr'>et</span> 
     </span>
     <span class='ocr_line' id='line_1_28' title="bbox 251 3201 1375 3286; baseline -0.002 -20"><span class='ocrx_word' id='word_1_212' title='bbox 251 3205 385 3268; x_wconf 87' lang='lat' dir='ltr'>edidisse</span> <span class='ocrx_word' id='word_1_213' title='bbox 417 3203 497 3268; x_wconf 90' lang='lat' dir='ltr'>libro</span> <span class='ocrx_word' id='word_1_214' title='bbox 532 3203 609 3266; x_wconf 89' lang='lat' dir='ltr'>satis</span> <span class='ocrx_word' id='word_1_215' title='bbox 646 3203 805 3284; x_wconf 88' lang='lat' dir='ltr'>eleganter</span> <span class='ocrx_word' id='word_1_216' title='bbox 839 3203 989 3285; x_wconf 90' lang='lat' dir='ltr'>inscripto</span> <span class='ocrx_word' id='word_1_217' title='bbox 1023 3202 1213 3286; x_wconf 68' lang='lat' dir='ltr'>Indignatio</span> <span class='ocrx_word' id='word_1_218' title='bbox 1259 3201 1375 3266; x_wconf 85' lang='lat' dir='ltr'>Earum</span> 
     </span>
     <span class='ocr_line' id='line_1_29' title="bbox 256 3305 960 3389; baseline -0.004 -18"><span class='ocrx_word' id='word_1_219' title='bbox 256 3307 462 3389; x_wconf 87' lang='lat' dir='ltr'>querellarum</span> <span class='ocrx_word' id='word_1_220' title='bbox 486 3305 661 3388; x_wconf 86' lang='lat' dir='ltr'>exemplum</span> <span class='ocrx_word' id='word_1_221' title='bbox 685 3306 776 3368; x_wconf 88' lang='lat' dir='ltr'>Diras</span> <span class='ocrx_word' id='word_1_222' title='bbox 799 3305 960 3369; x_wconf 91' lang='lat' dir='ltr'>habemus.</span> 
     </span>
    </p>

    <p class='ocr_par' dir='ltr' id='par_1_4' title="bbox 250 3408 1378 4424">
     <span class='ocr_line' id='line_1_30' title="bbox 354 3408 1375 3493; baseline -0.004 -19"><span class='ocrx_word' id='word_1_223' title='bbox 354 3411 495 3474; x_wconf 86' lang='lat' dir='ltr'>Tandem</span> <span class='ocrx_word' id='word_1_224' title='bbox 516 3411 612 3493; x_wconf 92' lang='lat' dir='ltr'>igitur</span> <span class='ocrx_word' id='word_1_225' title='bbox 633 3409 784 3474; x_wconf 92' lang='lat' dir='ltr'>nonnulla</span> <span class='ocrx_word' id='word_1_226' title='bbox 800 3410 946 3474; x_wconf 92' lang='lat' dir='ltr'>dictionis</span> <span class='ocrx_word' id='word_1_227' title='bbox 961 3408 1176 3473; x_wconf 87' lang='lat' dir='ltr'>memorabilia</span> <span class='ocrx_word' id='word_1_228' title='bbox 1192 3412 1275 3473; x_wconf 92' lang='lat' dir='ltr'>recte</span> <span class='ocrx_word' id='word_1_229' title='bbox 1291 3429 1375 3472; x_wconf 92' lang='lat' dir='ltr'>com·</span> 
     </span>
     <span class='ocr_line' id='line_1_31' title="bbox 254 3512 1376 3596; baseline -0.002 -20"><span class='ocrx_word' id='word_1_230' title='bbox 254 3513 404 3595; x_wconf 89' lang='lat' dir='ltr'>prehendi</span> <span class='ocrx_word' id='word_1_231' title='bbox 426 3517 584 3596; x_wconf 90' lang='lat' dir='ltr'>poterunt,</span> <span class='ocrx_word' id='word_1_232' title='bbox 615 3537 695 3595; x_wconf 91' lang='lat' dir='ltr'>quae</span> <span class='ocrx_word' id='word_1_233' title='bbox 717 3514 874 3577; x_wconf 88' lang='lat' dir='ltr'>neminem</span> <span class='ocrx_word' id='word_1_234' title='bbox 896 3513 996 3594; x_wconf 89' lang='lat' dir='ltr'>magis</span> <span class='ocrx_word' id='word_1_235' title='bbox 1020 3512 1131 3575; x_wconf 90' lang='lat' dir='ltr'>decent</span> <span class='ocrx_word' id='word_1_236' title='bbox 1160 3533 1253 3593; x_wconf 91' lang='lat' dir='ltr'>quam</span> <span class='ocrx_word' id='word_1_237' title='bbox 1276 3512 1376 3593; x_wconf 93' lang='lat' dir='ltr'>magi-</span> 
     </span>
     <span class='ocr_line' id='line_1_32' title="bbox 253 3617 1374 3701; baseline -0.002 -21"><span class='ocrx_word' id='word_1_238' title='bbox 253 3619 363 3695; x_wconf 91' lang='lat' dir='ltr'>strum,</span> <span class='ocrx_word' id='word_1_239' title='bbox 385 3617 438 3699; x_wconf 94' lang='lat' dir='ltr'>qui</span> <span class='ocrx_word' id='word_1_240' title='bbox 460 3623 585 3701; x_wconf 79' lang='lat' dir='ltr'>praeter</span> <span class='ocrx_word' id='word_1_241' title='bbox 596 3618 818 3700; x_wconf 69' lang='lat' dir='ltr'>psammeticus</span> <span class='ocrx_word' id='word_1_242' title='bbox 840 3617 952 3681; x_wconf 84' lang='lat' dir='ltr'>libellos</span> <span class='ocrx_word' id='word_1_243' title='bbox 974 3617 1067 3680; x_wconf 84' lang='lat' dir='ltr'>etium</span> <span class='ocrx_word' id='word_1_244' title='bbox 1078 3621 1223 3699; x_wconf 82' lang='lat' dir='ltr'>poemata</span> <span class='ocrx_word' id='word_1_245' title='bbox 1245 3637 1374 3697; x_wconf 90' lang='lat' dir='ltr'>compo-</span> 
     </span>
     <span class='ocr_line' id='line_1_33' title="bbox 251 3719 1377 3803; baseline -0.002 -19"><span class='ocrx_word' id='word_1_246' title='bbox 251 3721 358 3799; x_wconf 86' lang='lat' dir='ltr'>suerit,</span> <span class='ocrx_word' id='word_1_247' title='bbox 382 3722 432 3784; x_wconf 82' lang='lat' dir='ltr'>vel</span> <span class='ocrx_word' id='word_1_248' title='bbox 455 3724 491 3785; x_wconf 95' lang='lat' dir='ltr'>ut</span> <span class='ocrx_word' id='word_1_249' title='bbox 512 3722 647 3803; x_wconf 93' lang='lat' dir='ltr'>primum</span> <span class='ocrx_word' id='word_1_250' title='bbox 669 3721 732 3784; x_wconf 94' lang='lat' dir='ltr'>Dir.</span> <span class='ocrx_word' id='word_1_251' title='bbox 757 3744 785 3784; x_wconf 83' lang='lat' dir='ltr'>v.</span> <span class='ocrx_word' id='word_1_252' title='bbox 809 3722 829 3784; x_wconf 88' lang='grc'><strong>6</strong></span> <span class='ocrx_word' id='word_1_253' title='bbox 852 3721 894 3784; x_wconf 78' lang='lat' dir='ltr'>lu</span> <span class='ocrx_word' id='word_1_254' title='bbox 915 3741 1061 3784; x_wconf 81' lang='lat' dir='ltr'>conuersa</span> <span class='ocrx_word' id='word_1_255' title='bbox 1083 3725 1163 3783; x_wconf 82' lang='lat' dir='ltr'>reiro</span> <span class='ocrx_word' id='word_1_256' title='bbox 1184 3741 1290 3783; x_wconf 78' lang='lat' dir='ltr'>rernm</span> <span class='ocrx_word' id='word_1_257' title='bbox 1313 3719 1377 3783; x_wconf 85' lang='lat' dir='ltr'>dis-</span> 
     </span>
     <span class='ocr_line' id='line_1_34' title="bbox 250 3824 1376 3908; baseline -0.002 -20"><span class='ocrx_word' id='word_1_258' title='bbox 250 3824 355 3888; x_wconf 83' lang='lat' dir='ltr'>cordiu</span> <span class='ocrx_word' id='word_1_259' title='bbox 375 3825 481 3907; x_wconf 72' lang='lat' dir='ltr'>²uliscel</span> <span class='ocrx_word' id='word_1_260' title='bbox 504 3828 536 3888; x_wconf 90' lang='lat' dir='ltr'>et</span> <span class='ocrx_word' id='word_1_261' title='bbox 558 3825 621 3888; x_wconf 88' lang='grc'>100</span> <span class='ocrx_word' id='word_1_262' title='bbox 643 3825 828 3908; x_wconf 76' lang='lat' dir='ltr'>Miprubnut</span> <span class='ocrx_word' id='word_1_263' title='bbox 850 3846 941 3887; x_wconf 78' lang='lat' dir='ltr'>cusos</span> <span class='ocrx_word' id='word_1_264' title='bbox 955 3825 1059 3888; x_wconf 82' lang='lat' dir='ltr'>alienu</span> <span class='ocrx_word' id='word_1_265' title='bbox 1074 3824 1111 3886; x_wconf 82' lang='lat' dir='ltr'>in</span> <span class='ocrx_word' id='word_1_266' title='bbox 1125 3843 1254 3907; x_wconf 83' lang='lat' dir='ltr'>corporo</span> <span class='ocrx_word' id='word_1_267' title='bbox 1268 3843 1376 3886; x_wconf 82' lang='lat' dir='ltr'>rerum</span> 
     </span>
     <span class='ocr_line' id='line_1_35' title="bbox 251 3926 1376 4010; baseline 0 -20"><span class='ocrx_word' id='word_1_268' title='bbox 251 3927 351 4009; x_wconf 91' lang='lat' dir='ltr'>magis</span> <span class='ocrx_word' id='word_1_269' title='bbox 375 3927 556 4009; x_wconf 86' lang='lat' dir='ltr'>philosophi</span> <span class='ocrx_word' id='word_1_270' title='bbox 580 3949 673 4010; x_wconf 90' lang='lat' dir='ltr'>quam</span> <span class='ocrx_word' id='word_1_271' title='bbox 695 3931 807 4009; x_wconf 88' lang='lat' dir='ltr'>poetae</span> <span class='ocrx_word' id='word_1_272' title='bbox 832 3931 915 4006; x_wconf 89' lang='lat' dir='ltr'>suut,</span> <span class='ocrx_word' id='word_1_273' title='bbox 939 3927 989 3990; x_wconf 87' lang='lat' dir='ltr'>vel</span> <span class='ocrx_word' id='word_1_274' title='bbox 1011 3926 1061 3989; x_wconf 91' lang='lat' dir='ltr'>hic</span> <span class='ocrx_word' id='word_1_275' title='bbox 1084 3926 1148 3990; x_wconf 91' lang='lat' dir='ltr'>ritu</span> <span class='ocrx_word' id='word_1_276' title='bbox 1164 3926 1376 4008; x_wconf 90' lang='lat' dir='ltr'>professorum</span> 
     </span>
     <span class='ocr_line' id='line_1_36' title="bbox 251 4029 1377 4112; baseline -0.001 -19"><span class='ocrx_word' id='word_1_277' title='bbox 251 4030 382 4094; x_wconf 91' lang='lat' dir='ltr'>eandem</span> <span class='ocrx_word' id='word_1_278' title='bbox 418 4030 592 4109; x_wconf 89' lang='lat' dir='ltr'>scientiam,</span> <span class='ocrx_word' id='word_1_279' title='bbox 626 4052 689 4111; x_wconf 94' lang='lat' dir='ltr'>qua</span> <span class='ocrx_word' id='word_1_280' title='bbox 721 4031 788 4112; x_wconf 91' lang='lat' dir='ltr'>ipse</span> <span class='ocrx_word' id='word_1_281' title='bbox 816 4029 1021 4111; x_wconf 89' lang='lat' dir='ltr'>gloriabatur,</span> <span class='ocrx_word' id='word_1_282' title='bbox 1045 4029 1085 4108; x_wconf 91' lang='lat' dir='ltr'>ab</span> <span class='ocrx_word' id='word_1_283' title='bbox 1108 4029 1177 4092; x_wconf 88' lang='lat' dir='ltr'>aliis</span> <span class='ocrx_word' id='word_1_284' title='bbox 1200 4029 1377 4111; x_wconf 89' lang='lat' dir='ltr'>postulasse</span> 
     </span>
     <span class='ocr_line' id='line_1_37' title="bbox 252 4131 1378 4215; baseline -0.001 -18"><span class='ocrx_word' id='word_1_285' title='bbox 252 4134 385 4213; x_wconf 87' lang='lat' dir='ltr'>videtur,</span> <span class='ocrx_word' id='word_1_286' title='bbox 416 4154 487 4196; x_wconf 91' lang='lat' dir='ltr'>cum</span> <span class='ocrx_word' id='word_1_287' title='bbox 518 4131 593 4214; x_wconf 88' lang='lat' dir='ltr'>Lyd.</span> <span class='ocrx_word' id='word_1_288' title='bbox 617 4134 658 4196; x_wconf 79' lang='lat'>49</span> <span class='ocrx_word' id='word_1_289' title='bbox 691 4156 748 4215; x_wconf 83' lang='lat' dir='ltr'>pro</span> <span class='ocrx_word' id='word_1_290' title='bbox 780 4133 915 4196; x_wconf 86' lang='lat' dir='ltr'>Ariadne</span> <span class='ocrx_word' id='word_1_291' title='bbox 941 4139 1053 4197; x_wconf 76' lang='lat' dir='ltr'>reolum</span> <span class='ocrx_word' id='word_1_292' title='bbox 1075 4133 1234 4197; x_wconf 77' lang='lat' dir='ltr'>Minoidos</span> <span class='ocrx_word' id='word_1_293' title='bbox 1255 4139 1378 4197; x_wconf 76' lang='lat' dir='ltr'>astrum</span> 
     </span>
     <span class='ocr_line' id='line_1_38' title="bbox 253 4236 1376 4321; baseline 0.004 -24"><span class='ocrx_word' id='word_1_294' title='bbox 253 4241 286 4301; x_wconf 84' lang='lat' dir='ltr'>et</span> <span class='ocrx_word' id='word_1_295' title='bbox 307 4236 350 4301; x_wconf 81' lang='lat'>50</span> <span class='ocrx_word' id='word_1_296' title='bbox 371 4259 428 4319; x_wconf 89' lang='lat' dir='ltr'>pro</span> <span class='ocrx_word' id='word_1_297' title='bbox 449 4237 561 4299; x_wconf 89' lang='lat' dir='ltr'>Medea</span> <span class='ocrx_word' id='word_1_298' title='bbox 584 4237 707 4301; x_wconf 90' lang='lat' dir='ltr'>doctius</span> <span class='ocrx_word' id='word_1_299' title='bbox 731 4260 787 4300; x_wconf 88' lang='lat' dir='ltr'>seu</span> <span class='ocrx_word' id='word_1_300' title='bbox 810 4237 972 4300; x_wconf 87' lang='lat' dir='ltr'>obscurius</span> <span class='ocrx_word' id='word_1_301' title='bbox 995 4259 1134 4321; x_wconf 80' lang='lat' dir='ltr'>quaeque</span> <span class='ocrx_word' id='word_1_302' title='bbox 1149 4238 1234 4320; x_wconf 77' lang='lat' dir='ltr'>sirpo</span> <span class='ocrx_word' id='word_1_303' title='bbox 1250 4237 1376 4318; x_wconf 89' lang='lat' dir='ltr'>diceret,</span> 
     </span>
     <span class='ocr_line' id='line_1_39' title="bbox 255 4341 1378 4424; baseline 0.001 -20"><span class='ocrx_word' id='word_1_304' title='bbox 255 4342 426 4424; x_wconf 91' lang='lat' dir='ltr'>eodemque</span> <span class='ocrx_word' id='word_1_305' title='bbox 450 4341 544 4405; x_wconf 90' lang='lat' dir='ltr'>etiam</span> <span class='ocrx_word' id='word_1_306' title='bbox 568 4341 620 4405; x_wconf 94' lang='lat' dir='ltr'>ille</span> <span class='ocrx_word' id='word_1_307' title='bbox 642 4341 805 4424; x_wconf 88' lang='lat' dir='ltr'>Lycurgus</span> <span class='ocrx_word' id='word_1_308' title='bbox 827 4341 891 4406; x_wconf 86' lang='lat' dir='ltr'>Dir.</span> <span class='ocrx_word' id='word_1_309' title='bbox 915 4341 981 4406; x_wconf 88' lang='lat' dir='ltr'>v.8</span> <span class='ocrx_word' id='word_1_310' title='bbox 1004 4341 1183 4406; x_wconf 84' lang='lat' dir='ltr'>referendus</span> <span class='ocrx_word' id='word_1_311' title='bbox 1214 4349 1276 4423; x_wconf 89' lang='lat' dir='ltr'>est;</span> <span class='ocrx_word' id='word_1_312' title='bbox 1302 4341 1378 4406; x_wconf 91' lang='lat' dir='ltr'>item</span> 
     </span>
    </p>
   </div>
   <div class='ocr_carea' id='block_1_3' title="bbox 0 0 1644 4914">
    <p class='ocr_par' dir='ltr' id='par_1_5' title="bbox 0 0 1644 4914">
     <span class='ocr_line' id='line_1_40' title="bbox 0 0 1644 4914; baseline 0 0"><span class='ocrx_word' id='word_1_313' title='bbox 0 0 1644 4914; x_wconf 95' lang='lat' dir='ltr'> </span> 
     </span>
    </p>
   </div>
  </div>
 </body>
</html>
