3266 4914
760 365 969 430 -.40-

357 534 515 604 Nusimus.
562 538 618 619 nh,
641 538 774 603 multum
796 539 912 604 nostris
934 542 1063 604 cantata
1084 537 1206 618 libellis,

357 641 483 724 Optima
505 641 662 724 silvarum,
685 643 829 707 formosis
852 642 948 706 densa
970 642 1076 706 viretis

355 743 479 832 Fundos
502 768 566 809 non
587 746 701 810 virides
723 747 850 810 umbras
872 769 929 810 nec
950 745 1033 810 laeta
1055 745 1207 809 comantis

355 848 489 912 lactabis
512 849 614 914 mollis
637 872 740 914 ramos
761 851 943 915 inflantibus
966 850 1059 930 auris,

354 950 462 1015 Militis
485 951 581 1034 impia
603 975 698 1035 quom
720 954 860 1018 succidet
881 955 1010 1019 dextera
1031 952 1112 1016 ferro

354 1054 583 1138 Formosaeque
606 1057 720 1122 cadent
741 1058 880 1138 umbrae,
902 1057 1069 1122 formosior
1092 1056 1153 1120 illis

353 1158 425 1241 Ipsa
447 1160 548 1241 cades
572 1162 685 1226 veteris
708 1161 827 1225 domini
849 1161 951 1226 felicia
973 1162 1067 1244 ligna.

352 1262 569 1344 Nequiquam!
614 1265 738 1330 Nostris
760 1267 865 1348 potius
888 1267 1002 1330 devota
1023 1265 1136 1329 libellis

353 1366 482 1448 Ignibus
506 1368 658 1432 aethereis
681 1369 835 1451 flagrabit.
880 1370 1020 1452 luppiter
1041 1370 1117 1452 ipse,

352 1470 491 1552 luppiter
513 1471 593 1535 hano
617 1472 710 1538 aluit:
734 1473 812 1536 einis
835 1473 912 1536 haec
934 1474 1006 1537 love
1028 1473 1085 1538 fiat
1107 1477 1239 1555 oportet.

394 1575 478 1639 Haec
499 1576 578 1639 mihi
600 1599 692 1660 saepe
713 1599 817 1642 meum
840 1578 1008 1658 resonabit,
1031 1577 1168 1658 Battare,
1192 1599 1325 1641 carmen.

352 1764 507 1835 Nhraecis
531 1772 599 1832 tum
620 1767 738 1832 Boreae
760 1769 879 1851 spirent
901 1767 1048 1831 immania
1070 1767 1160 1848 virm,

352 1872 453 1936 Eurus
476 1876 551 1954 agat
571 1873 703 1937 mixtam
725 1871 811 1935 fulva
833 1870 965 1953 caligine
987 1871 1111 1950 nubem,

354 1976 477 2040 Africus
499 1977 660 2041 immineat
681 1977 797 2040 nimbis
818 1975 1038 2041 minitantibus
1061 1975 1201 2054 imbrem,

352 2079 431 2144 Cum
453 2084 508 2145 tua
530 2103 646 2163 cyaneo
669 2079 1017 2162 resplendens.aethere
1039 2078 1117 2142 silva

350 2183 422 2248 Non
444 2184 557 2248 iterum
580 2183 688 2262 discet,
710 2184 818 2248 crebro
842 2205 931 2265 quae,
954 2182 1060 2266 Lydia,
1085 2180 1173 2245 dixti.

349 2288 476 2352 Vicinae
498 2290 641 2352 flammae
663 2289 789 2370 rapiant
810 2311 850 2351 ex
872 2287 982 2352 ordine
1004 2287 1094 2366 vites,

349 2391 523 2456 Pascantur
546 2396 667 2474 segetes
691 2392 813 2458 diffusis
836 2391 962 2474 ignibus
985 2413 1087 2471 aurae,

350 2493 535 2559 Transvolet
556 2495 720 2560 arboribus
743 2495 914 2578 coniungat
937 2499 968 2560 et
990 2494 1082 2558 ardor
1104 2494 1225 2558 aristas.

349 2599 473 2663 Portica
494 2621 557 2681 qua
578 2602 702 2664 nostros
725 2604 844 2665 metata
866 2603 914 2664 est
935 2600 1032 2682 impia
1054 2598 1181 2682 agellos,

350 2703 418 2782 Qua
439 2703 538 2768 nostri
559 2705 638 2769 fines
661 2705 747 2769 olim:
773 2705 850 2769 cinis
874 2705 978 2769 omnia
999 2705 1063 2768 fiat.

392 2807 444 2873 Sic
467 2831 585 2892 precor,
609 2813 641 2874 et
662 2810 778 2874 nostris
801 2813 951 2892 superent
972 2809 1049 2874 haec
1073 2807 1212 2872 carmina
1233 2807 1324 2871 votis,

348 2995 473 3079 dindae,
497 3020 576 3080 quae
598 2999 711 3064 vestris
733 2998 865 3082 pulsatis
887 2999 980 3064 litora
1002 2998 1145 3082 lymphis,

347 3103 463 3183 Litora,
487 3125 566 3186 quae
589 3103 687 3167 dulcis
710 3126 801 3168 auras
825 3103 998 3168 diffunditis
1021 3103 1113 3184 agris,

348 3206 489 3288 Accipite
510 3207 567 3270 has
589 3229 698 3271 voces:
722 3207 836 3289 migret
857 3207 1021 3289 Neptunus
1044 3207 1077 3269 in
1099 3229 1173 3270 arva

347 3308 510 3373 Fluctibus
533 3312 564 3374 et
586 3310 687 3392 spissa
709 3331 835 3392 campos
858 3309 1025 3392 perfundat
1046 3309 1170 3372 harena.

347 3414 415 3491 Qua
435 3413 590 3478 Volcanus
612 3436 704 3496 agros
727 3417 836 3496 pastus
858 3415 940 3479 lovis
962 3415 1087 3496 ignibus
1111 3419 1205 3495 arcet,

345 3517 485 3580 Barbara
507 3517 628 3582 dicatur
650 3517 785 3600 Libycae
807 3539 894 3582 soror
917 3517 1014 3582 altera
1037 3516 1146 3600 Syrtis

388 3619 521 3685 Tristius
543 3621 612 3702 hoc,
635 3622 771 3703 memini,
795 3644 983 3702 revocasses,
1002 3621 1138 3702 Battare,
1162 3642 1294 3684 carmen.

345 3808 449 3893 {pigro
471 3810 570 3874 multa
592 3811 670 3874 mari
693 3810 802 3876 dicunt
823 3813 969 3893 portenta
991 3813 1110 3890 natare,

345 3917 487 3979 Monstra
508 3915 679 3996 repentinis
701 3915 850 3979 terrentia
872 3937 964 3997 saepe
987 3913 1106 3996 figuris

346 4018 424 4082 Cum
447 4018 551 4082 subito
574 4040 726 4082 emersere
749 4018 864 4082 furenti
888 4041 1018 4101 corpora
1039 4021 1146 4099 ponto.

345 4123 428 4186 Haec
451 4125 525 4204 agat
547 4121 661 4187 infesto
683 4123 848 4204 Neptunus
871 4145 964 4186 caeca
988 4121 1117 4186 tridenti
1227 4163 1230 4168 -

294 4276 327 4328 26
338 4273 459 4328 Lusimus
482 4273 614 4340 Hondtus,
632 4273 758 4326 Ludimus
776 4273 861 4340 codd,
880 4273 913 4326 ah
930 4272 1035 4340 scripsi,
1055 4273 1081 4324 et
1098 4273 1167 4325 codd.
1186 4272 1218 4324 28
1236 4270 1340 4324 Fundos
1357 4287 1412 4326 non

293 4359 401 4430 sumpsi,
420 4360 575 4424 Tundemus
593 4360 739 4414 Tondemus
761 4360 830 4414 codd.
870 4359 903 4412 36
920 4360 983 4414 Iove
1000 4358 1111 4429 Machly,
1135 4357 1183 4412 tibi
1200 4357 1283 4424 codd.;
1301 4354 1335 4411 30
1348 4363 1414 4427 post
