3266 4914
805 355 1016 427 ..15..,

558 541 589 614 b‚
613 546 780 634 (39—52):
803 573 876 617 cum
897 553 1048 622 caelestes
1070 593 1112 602 -
1134 560 1167 623 et
1181 556 1255 622 olim
1271 553 1370 626 etiam
1384 575 1468 626 mor-

653 653 732 719 tales
754 692 796 700 —
818 657 978 724 amoribus
1005 659 1071 726 suis
1093 682 1214 744 semper
1235 660 1388 746 fruantur,
1407 686 1467 748 ego

318 819 320 826 ,
654 759 754 823 amica
775 782 845 825 mea
868 765 934 827 tam
956 784 1049 847 saepe
1071 786 1171 831 careo.

401 883 474 945 pars
495 859 546 924 ΠΙ.
571 882 597 924 1.
621 860 774 946 (53-62)
806 864 915 947 Egone
952 867 1000 932 dis
1033 867 1121 934 iratis
1160 870 1285 953 primus
1314 872 1466 954 pudorem

651 964 790 1031 violavi?

555 1067 585 1131 b.
610 1065 780 1152 (63-74):
814 1069 879 1153 Ipsi
911 1070 961 1136 dei
989 1076 1022 1138 et
1053 1073 1130 1138 deae
1159 1095 1199 1136 ex
1238 1073 1466 1157 antiquissimis

444 1247 446 1249 Ι
650 1171 844 1256 temporibus
855 1195 904 1239 res
914 1176 1083 1241 amatorias
1095 1176 1218 1242 diverso
1230 1198 1343 1260 genere
1353 1181 1462 1260 agunt.

409 1274 527 1359 epodus
536 1272 702 1360 (75-80):
717 1274 743 1340 0
755 1277 960 1343 miserrimam
971 1282 1098 1345 nostrae
1107 1280 1220 1347 aetatis
1232 1280 1462 1345 condicionem!

447 1377 533 1443 Satis
554 1377 632 1443 mihi
653 1378 753 1444 multa
775 1380 872 1445 verba
893 1381 1003 1447 fecisse
1025 1383 1133 1448 videor
1163 1384 1302 1449 carmina
1324 1387 1356 1449 11
1382 1383 1463 1448 bene

345 1480 365 1546 a
386 1484 480 1566 poeta
501 1481 655 1564 disposita
676 1485 708 1547 et
728 1482 762 1547 in
783 1483 964 1550 universum
986 1507 1050 1550 non
1073 1486 1236 1552 decurtata
1258 1508 1326 1551 esse
1347 1487 1462 1570 proba-

344 1591 450 1666 turus3
474 1585 598 1650 additur
614 1584 653 1649 ad
670 1584 752 1650 hano
769 1588 998 1671 expositionem
1015 1593 1168 1672 quantum
1182 1611 1348 1673 possumus
1364 1611 1462 1655 com-

344 1689 563 1756 mentarius
586 1688 780 1772 singulorum
796 1691 933 1756 locorum
956 1693 1135 1776 criticus
1161 1697 1198 1758 et
1222 1695 1459 1776 exegeticus,

345 1794 449 1877 Atque
479 1814 550 1857 cum
582 1814 651 1856 eam
686 1793 795 1875 legem,
825 1817 864 1859 ne
895 1794 1051 1878 elegantia
1084 1796 1329 1880 perspicuitasve
1360 1797 1461 1880 magis

345 1913 440 1981 quam
468 1897 584 1960 veritas
615 1899 767 1978 captetur,
792 1919 946 1963 summam
972 1899 1064 1964 nobis
1087 1899 1153 1964 fore
1176 1901 1405 1983 promittamus,
1427 1900 1460 1964 id

344 1999 550 2080 studebimus,
582 2002 619 2062 ut
646 2002 773 2080 poetam
802 2001 885 2064 mala
911 2000 1062 2066 librorum
1091 2003 1241 2066 memoria
1262 2004 1460 2085 maximeque

342 2102 513 2168 Baehrensi
542 2102 692 2166 effrenata
714 2103 887 2168 coniciendi
909 2104 1038 2170 libidine
1062 2105 1309 2171 discruciatum
1332 2107 1459 2171 medelis

343 2229 405 2290 quo
428 2205 669 2288 simplicioribus
692 2227 728 2270 eo
750 2204 988 2273 salutarioribus
1011 2231 1192 2274 recreemus

445 2309 596 2373 Memoria
626 2307 782 2373 librorum
807 2310 846 2374 de
876 2311 926 2376 his
959 2312 1113 2394 poematis
1134 2312 1248 2376 misera
1270 2299 1345 2392 est3¹
1364 2333 1458 2394 quam

342 2413 456 2478 misera
486 2412 536 2493 sit,
565 2413 628 2476 iam
664 2412 737 2476 inde
765 2412 971 2496 concluditur,
994 2414 1078 2497 quod
1106 2437 1131 2479 1.
1154 2436 1184 2496 g.
1209 2413 1318 2495 Culex,
1349 2436 1458 2497 quam·

342 2539 437 2600 quarn
466 2517 499 2579 in
530 2514 652 2580 duobus
680 2516 799 2599 primae
837 2516 945 2582 classis
972 2517 1060 2583 libris
1094 2521 1200 2584 exstat
1228 2554 1270 2564 -
1299 2517 1457 2582 Baehrens

342 2621 425 2685 enim
447 2619 570 2684 codices
592 2619 772 2702 appendicis
794 2620 990 2703 Vergilianae
1012 2621 1045 2684 in
1071 2621 1209 2704 quinque
1231 2620 1356 2685 ordines
1378 2620 1457 2684 divi·

342 2725 390 2790 dit
411 2761 461 2805 —,
491 2726 598 2788 tamen
626 2744 644 2786 a
672 2723 757 2788 vitiis
786 2724 934 2806 gravibus
964 2724 1091 2788 minime
1121 2725 1243 2807 integer
1272 2727 1329 2805 est,
1364 2722 1458 2787 Dirae

341 2829 427 2893 nullo
455 2827 574 2910 primae
605 2829 700 2890 notae
731 2825 812 2892 libro
840 2827 975 2892 traditae
1007 2832 1090 2893 sunt.
1145 2826 1253 2892 Codex
1280 2827 1372 2907 enim,
1405 2826 1456 2890 1111

341 2931 481 2998 omnium
504 2931 656 3014 optimam
677 2931 859 2996 memoriam
889 2955 973 2996 nunc
1000 2925 1159 3013 debemus,
1181 2932 1350 2996 Vaticanus
1372 2928 1455 2995 3252

340 3044 419 3101 saec.
443 3035 506 3116 IX,
537 3036 592 3118 qui
622 3033 697 3098 olim
718 3036 804 3100 Petri
825 3035 936 3100 Bembi
957 3035 1027 3118 fuit,
1051 3036 1270 3101 auctoritatem
1292 3035 1384 3118 primi
1406 3055 1456 3098 or-

341 3139 422 3204 dinis
444 3160 509 3202 non
529 3159 625 3221 parvo
647 3138 811 3204 intervallo
831 3140 980 3222 sequitur.
1025 3139 1173 3204 Eiusdem
1194 3139 1259 3204 fere
1274 3139 1367 3222 pretii
1381 3142 1456 3203 sunt

340 3244 402 3308 duo
424 3240 558 3305 Parisini
581 3240 663 3304 7927
687 3244 720 3306 et
740 3241 832 3306 8069.
877 3241 964 3306 Libri
986 3246 1091 3308 autem
1113 3242 1379 3323 Ρ1111111117177,
1400 3241 1455 3323 qui

339 3351 376 3412 ut
398 3347 431 3410 in
452 3366 564 3409 manus
586 3366 672 3410 meas
694 3367 860 3429 parumper
882 3346 1070 3427 illaberetur,
1093 3345 1173 3427 Birt,
1198 3350 1351 3429 patronus
1367 3366 1454 3408 meus

339 3449 593 3529 humanissimus,
621 3449 661 3513 ob
686 3449 802 3514 codicis
824 3450 1027 3532 fragilitatem
1053 3449 1169 3514 frustra
1190 3450 1332 3532 petierat,
1359 3447 1454 3512 eolla-

339 3555 458 3620 tionem
480 3575 499 3618 a
520 3553 587 3618 viro
609 3553 733 3636 legendi
755 3555 943 3636 peritissimo
959 3553 1133 3618 faciendam
1148 3554 1263 3634 curavi,
1286 3574 1366 3635 quae
1380 3551 1453 3615 huic

340 3657 552 3722 dissertationi
584 3656 706 3721 adiecta
738 3657 816 3721 nihil
845 3658 952 3740 magni
980 3661 1120 3740 praestat
1152 3657 1214 3720 nisi
1244 3655 1318 3737 Lyd.
1352 3676 1381 3718 v,
1413 3654 1452 3718 13

339 3782 478 3826 acumem
521 3758 714 3843 1111111111,
759 3783 821 3842 qua
856 3761 989 3825 lectione
1025 3761 1110 3826 bona
1146 3759 1344 3824 Eichstaedti
1380 3780 1454 3822 con*

339 3866 458 3930 iectura
488 3864 646 3948 sperantia
682 3865 783 3946 magis
816 3864 1059 3929 commendatur.
1120 3863 1315 3946 Exoptatum
1341 3861 1452 3925 deinde

338 3967 514 4032 subsidium
541 3967 629 4030 venit
650 3967 688 4030 de
711 3967 880 4049 codicibus,
904 3968 957 4050 qui
979 3969 1012 4031 in
1034 3967 1103 4031 aliis
1124 3966 1263 4031 numeris
1285 3965 1378 4046 longe
1401 3965 1453 4028 de-

339 4071 457 4137 terrimi
489 4075 572 4151 sunt,
607 4071 706 4153 deque
738 4072 896 4135 nonnullis
936 4071 1134 4151 editionibus,
1172 4092 1252 4153 quae
1287 4069 1452 4152 pleraeque

338 4198 409 4239 vere
439 4178 559 4239 veteres
588 4190 653 4239 non
683 4179 766 4240 sunt.
810 4175 953 4258 Exempli
976 4159 1076 4239 causa·
1092 4174 1351 4238 Helmstadiensis
1374 4172 1452 4236 liber

339 4279 522 4341 chartaceus
554 4278 637 4342 intra
659 4301 758 4342 annos
782 4278 949 4342 1470-74
981 4278 1020 4342 ab
1044 4278 1177 4342 Henrico
1207 4277 1343 4360 quodam
1367 4272 1453 4357 Hopf

340 4382 474 4464 scriptus
496 4385 563 4445 tam
584 4383 743 4464 praeclara
763 4383 879 4448 virtute
894 4382 1062 4467 praecellit,
1085 4385 1122 4446 ut
1135 4403 1355 4464 nonnusquam
1373 4402 1454 4444 unus
