3266 4914
696 356 894 420 ..69-

235 527 319 610 apud
340 525 479 608 Lydiam,
513 526 566 588 sed
594 528 788 610 voluptatem
821 529 1064 611 felicitatemque
1092 552 1180 592 suam
1204 531 1353 595 cecinisse

234 631 350 694 fidibus
383 631 546 694 credimus,
592 632 696 708 Quid?
727 634 811 715 quod
838 635 904 716 ipse
932 634 992 698 hoc
1021 635 1187 718 significat,
1216 635 1352 718 Eclogae

233 761 261 801 v.
286 737 305 800 6
329 735 417 819 (109)

376 841 420 904 ln
440 863 518 905 rnen
545 841 703 904 scrbnn’sse
728 842 897 906 meditatur
925 842 1100 906 carmina
1116 865 1198 907 noce.

334 944 480 1008 Profecto
508 944 589 1008 hanc
619 944 759 1027 eclogam
781 945 826 1009 sic
848 950 885 1010 ut
910 950 966 1026 est,
990 945 1017 1008 si
1039 946 1108 1010 aliis
1130 947 1168 1011 de
1190 947 1298 1010 eadem
1319 969 1353 1010 re

233 1049 386 1133 poematis
410 1071 473 1112 non
498 1049 692 1114 circumdata
713 1053 744 1114 et
766 1048 922 1114 illustrata
937 1048 1057 1130 fuisset,
1081 1050 1173 1132 plane
1195 1051 1353 1134 percipere

232 1176 333 1236 neque
345 1153 503 1218 Romanos
516 1153 600 1235 ipsos
616 1154 757 1235 potuisse
767 1158 844 1237 puto
859 1175 961 1235 neque
975 1175 1034 1216 nos
1046 1155 1162 1236 posteri
1176 1176 1350 1236 possumus.

234 1257 377 1339 Exempli
399 1258 502 1340 gratia
523 1261 617 1340 poeta
649 1261 754 1322 utrum
777 1259 810 1321 in
833 1275 924 1339 agros
957 1258 1113 1322 rediturus
1136 1263 1184 1323 est
1205 1282 1244 1322 an
1268 1259 1353 1322 non?

237 1362 342 1426 Suane
357 1359 520 1425 voluntate
543 1384 582 1423 ex
598 1360 681 1442 agris
704 1360 804 1425 exiit?
836 1361 989 1442 Equidem
1006 1361 1153 1444 eclogam,
1177 1385 1240 1444 qua
1261 1365 1354 1444 poeta

232 1465 420 1531 desiderium
443 1465 565 1548 puellae
587 1488 688 1547 neque
710 1487 784 1528 vero
808 1487 954 1546 agrorum
984 1467 1134 1548 queritur,
1166 1490 1205 1530 ex
1234 1465 1353 1550 praedii

233 1571 402 1636 amissione
424 1570 457 1632 in
479 1570 561 1633 Diris
585 1574 713 1634 cantata
735 1569 869 1652 pendere
892 1593 983 1652 nego,
1007 1593 1078 1634 cum
1100 1571 1177 1635 nihil
1200 1572 1238 1635 de
1255 1569 1352 1635 milite

233 1674 363 1753 advena,
387 1673 466 1737 nihil
489 1673 526 1736 de
549 1695 696 1755 agrorum
718 1672 800 1736 mala
818 1673 954 1754 fortuna,
979 1674 1058 1738 nihil
1074 1675 1111 1738 de
1127 1677 1238 1757 poetae
1254 1673 1353 1756 ipsius

234 1777 346 1842 exsilio
378 1778 426 1840 vel
460 1781 644 1860 paupertate
673 1781 870 1840 memoretur.
921 1777 1040 1842 Contra
1061 1777 1092 1840 id
1115 1800 1178 1841 non
1202 1777 1298 1841 semel
1320 1777 1353 1840 in

230 1882 463 1963 sempiternum,
483 1881 536 1944 sed
555 1881 727 1944 identidem
744 1885 776 1944 et
794 1881 918 1963 saepius
935 1881 1094 1960 accidisse,
1109 1884 1146 1945 ut
1161 1885 1254 1963 poeta
1269 1902 1354 1944 oom-

232 1986 326 2068 plexu
348 1986 485 2049 amasiae
508 1989 636 2064 careret,
665 1989 755 2050 extra
778 2006 901 2048 omnem
925 1985 1131 2049 dubitationis
1154 1985 1253 2048 aleam
1276 1983 1353 2047 mihi

232 2094 355 2172 ponunt
377 2111 484 2152 versus
508 2089 549 2152 In
570 2110 640 2152 11111
661 2090 852 2173 quicumque
874 2095 925 2167 est,
949 2090 998 2152 ‘illc'
1018 2110 1077 2152 sne
1099 2090 1222 2172 semina
1244 2089 1354 2152 inrecte

231 2195 443 2276 Interpellatos
465 2215 632 2276 nunqnam
655 2194 790 2276 plorent
803 2214 923 2256 eineres
940 2244 946 2256 .
966 2243 971 2255 .
991 2243 996 2255 .
1026 2193 1111 2268 Quor
1126 2214 1178 2276 epo
1200 2193 1353 2256 crudelem

228 2297 333 2381 patior
354 2301 432 2359 tarn
454 2317 565 2379 saepe
585 2297 739 2360 dolorem?
767 2296 834 2359 Hoc
858 2296 911 2377 qui
927 2295 1003 2358 mihi
1019 2295 1182 2375 concessit,
1200 2296 1262 2359 iam
1278 2317 1352 2358 con·

233 2400 317 2463 cedit
338 2399 433 2463 etiam
465 2399 524 2463 hoc
548 2399 630 2462 viros
654 2399 763 2464 doctos
793 2399 957 2463 lectionem
989 2399 1272 2488 manuscriptorum
1295 2422 1353 2462 un-

233 2503 369 2566 animam
386 2501 460 2585 Lyd.
477 2524 505 2566 v.
524 2503 542 2565 7
566 2503 682 2567 interea
706 2503 935 2586 imprudentius
958 2501 1131 2567 attentasse
1145 2501 1176 2585 ¹).
1201 2502 1299 2566 Immo
1316 2527 1352 2566 ea

232 2629 296 2670 vox
318 2606 435 2670 irrterrn
457 2610 532 2689 apta
553 2606 601 2668 vel
625 2607 800 2671 necessaria
822 2611 879 2672 est.
924 2605 1003 2670 Nam
1027 2607 1055 2670 si
1078 2629 1141 2670 non
1163 2607 1296 2687 adesset,
1321 2607 1353 2670 in

236 2710 326 2773 initio
360 2711 506 2774 carminis
541 2709 699 2774 difficilius
731 2716 815 2776 esset
837 2711 877 2774 ad
900 2711 1161 2793 cognoscendum,
1194 2733 1287 2795 quam
1311 2711 1351 2774 ob

230 2835 295 2877 rem
327 2818 421 2896 poeta
449 2815 531 2897 agris
564 2814 725 2880 invideret.
779 2815 902 2879 Eenim
936 2815 963 2878 si
986 2815 1052 2898 ipse
1080 2815 1113 2879 in
1136 2815 1219 2897 agris
1250 2837 1354 2878 versa-

232 2921 327 2998 retur,
350 2918 395 2981 nil
418 2923 502 2983 esset
519 2917 674 2999 nimirum,
698 2941 753 2983 cur
775 2918 835 2982 illis
858 2918 1026 2998 invideret3
1050 2922 1214 3001 propterea
1236 2922 1351 2996 autem,

231 3021 315 3104 quod
348 3020 451 3104 puella
481 3023 599 3086 interea
621 3021 650 3085 h.
675 3046 699 3086 e.
735 3022 809 3086 dum
832 3023 898 3105 ipse
920 3022 1012 3104 longe
1036 3023 1134 3101 abest,
1159 3022 1191 3085 in
1214 3022 1297 3104 agris
1321 3025 1353 3086 et

228 3148 299 3189 curn
318 3126 402 3209 agris
419 3126 517 3206 ludat,
540 3125 600 3190 illis
623 3126 752 3207 invidet,
777 3127 808 3190 id
831 3126 916 3209 quod
931 3130 997 3190 tum
1015 3127 1144 3207 desinet,
1169 3148 1239 3189 cum
1256 3147 1351 3206 nego-

229 3231 281 3293 tiis
312 3230 418 3294 nescio
448 3229 563 3312 quibus
599 3230 752 3294 absolutis
775 3231 807 3293 in
840 3230 946 3293 villam
975 3252 1116 3293 reversus
1135 3220 1351 3293 'contubernio

230 3334 366 3397 amasiae
393 3334 495 3397 denuo
518 3333 645 3398 fruetur.

334 3437 484 3521 Sequitur
498 3438 580 3519 inde,
604 3461 698 3520 quam
722 3437 845 3502 diversa
867 3437 1027 3520 scriptoris
1049 3437 1132 3500 vitae
1156 3437 1297 3501 condicio
1321 3435 1352 3499 in

231 3539 329 3622 Lydia
351 3542 393 3606 sit
416 3546 510 3626 atque
534 3544 566 3607 in
588 3543 679 3607 Diris.
717 3543 831 3607 Verum
854 3543 936 3606 enirn
957 3564 1030 3606 vero
1047 3541 1085 3605 de
1102 3564 1137 3605 ea
1153 3565 1185 3604 11
1201 3541 1352 3604 iudicium

231 3644 332 3708 facere
366 3646 486 3727 dubit0,
521 3671 596 3712 num
626 3647 725 3730 Lydia
756 3652 828 3712 ante
851 3647 942 3710 Diras
964 3646 1140 3728 composita
1162 3647 1213 3709 sit.
1260 3643 1352 3708 Certe

231 3747 447 3813 difficillimum
472 3756 528 3831 est,
554 3751 638 3833 quod
660 3751 729 3815 Birt
751 3751 782 3814 in
805 3750 903 3833 symb.
928 3750 967 3813 ad
990 3749 1062 3813 hist.
1087 3749 1157 3812 hex.
1183 3748 1236 3811 lat.
1263 3770 1290 3829 p.
1309 3747 1350 3810 ⁴23

230 3851 337 3931 subiit,
369 3853 494 3916 enulla
515 3877 548 3917 re
570 3853 631 3917 nisi
653 3853 784 3917 metrica
807 3853 1000 3932 concludere,
1024 3847 1128 3916 utrum
1151 3873 1275 3914 carmen
1299 3872 1351 3913 ve-

230 3956 347 4020 tustius
371 3955 421 4019 sit.
469 3955 604 4020 Tantum
628 3961 731 4022 autem
756 3957 817 4020 dici
834 3961 939 4040 potest
954 3960 1010 4021 aut
1024 3955 1153 4038 Lydiam
1169 3958 1242 4017 ante
1260 3954 1351 4017 Diras

230 4060 347 4124 factam
377 4082 444 4146 esse
476 4059 588 4124 debere
618 4065 674 4124 aut
696 4060 802 4124 villam
824 4064 917 4124 antea
938 4060 1021 4123 Diris
1044 4060 1190 4123 deuotam
1214 4082 1233 4121 a
1259 4062 1352 4140 poeta

228 4167 443 4244 recuperatam
466 4186 533 4227 esse
556 4168 612 4228 aut
634 4186 725 4246 agros
748 4165 781 4227 in
803 4164 901 4247 Lydia
917 4164 994 4227 alios
1011 4187 1078 4226 esse
1095 4167 1190 4245 atque
1207 4163 1238 4225 in
1254 4160 1351 4224 Diris.

331 4297 349 4366 ¹)
370 4297 543 4352 Coniecerunt
565 4297 642 4366 Sillig
667 4297 697 4350 e'n
715 4303 806 4362 terras,
830 4298 945 4351 Ribbeck
963 4299 1033 4350 inter
1051 4315 1103 4362 roe,
1127 4297 1232 4364 Maelrly
1250 4295 1281 4348 in
1303 4301 1352 4348 ler-

225 4393 297 4448 nam,
316 4384 450 4438 Baehrens
468 4385 584 4439 oninium
604 4385 776 4439 audacissime
794 4385 857 4438 binc
875 4389 996 4439 teneram.
