3266 4914
702 372 914 464 ...13-

420 547 451 618 b.
476 572 576 637 aquae
596 551 779 636 imprecatio
802 551 952 638 (48-81)

471 657 500 722 6.
524 657 639 724 fluctus
659 656 839 742 harenaque
860 658 955 723 maris
979 657 1129 744 (ea-54)

469 762 498 827 7.
522 763 664 828 monstra
685 762 842 828 maritima
864 760 1013 848 (55-62)

469 865 498 931 8.
522 865 652 931 flumina
673 864 839 951 fontesque
860 864 1013 950 (63-71)

470 968 499 1033 9.
523 968 652 1052 paludes
675 990 692 1033 e
713 969 824 1035 tellure
846 973 1028 1038 emanantes
1051 971 1213 1060 (72-75).

449 1071 499 1138 10.
523 1071 639 1138 imbres
660 1071 819 1157 (76-81).

347 1172 398 1240 lll.
421 1175 587 1241 valedictio
610 1175 760 1260 (82—97)

469 1279 497 1344 1.
520 1279 666 1345 transitio
688 1279 729 1344 ad
750 1277 989 1345 valedictionem
1011 1279 1172 1367 (82-85).

467 1381 496 1446 2.
519 1381 604 1465 prior
625 1382 791 1448 valedictic
813 1381 974 1466 (86-90).

465 1485 494 1550 3.
517 1485 684 1552 valedictio
706 1487 821 1552 iterata
842 1483 1004 1571 (91-96).

341 1585 390 1652 IV.
413 1588 532 1673 epodus
554 1587 737 1674 (97-103).

342 1693 451 1777 Neque
483 1714 557 1761 vcro
578 1697 673 1777 poeta
705 1694 783 1760 satis
805 1694 918 1761 habuit
947 1695 1092 1778 periodos
1114 1695 1184 1762 illas
1212 1699 1258 1764 ita
1283 1722 1357 1769 con·

241 1800 370 1877 stmcre,
392 1800 430 1862 ut
449 1795 529 1862 fines
551 1819 591 1861 ex
612 1797 681 1882 ipsa
695 1799 826 1864 materie
840 1803 1035 1882 apparerent,
1058 1800 1114 1864 sed
1127 1800 1271 1884 politiore
1286 1826 1357 1870 cum

240 1907 307 1968 arte
328 1901 468 1985 singulas
490 1899 641 1982 versibus,
674 1903 729 1986 qui
750 1903 1028 1968 intercalares
1055 1904 1133 1968 satis
1160 1909 1233 1989 apte
1257 1911 1358 1973 nomi-

238 2009 363 2087 nantur,
376 2004 552 2085 coronavit3
567 2026 676 2069 verum
692 2027 711 2068 a
725 2006 827 2088 poetis
843 2005 993 2071 bucolicis
1009 2006 1054 2070 sic
1069 2006 1181 2088 differt,
1198 2013 1234 2074 ut
1249 2012 1358 2076 eadem

238 2110 377 2190 libidine,
399 2130 461 2192 qua
477 2107 619 2175 Catullus
634 2110 667 2173 in
683 2131 775 2174 carm.
788 2109 867 2192 LXI,
883 2110 1084 2175 intercalares
1100 2114 1132 2176 et
1147 2114 1242 2178 variis
1255 2117 1357 2181 modis

237 2214 360 2279 flexerit
381 2217 413 2279 et
434 2234 506 2277 cum
527 2213 685 2279 sententia
706 2214 905 2279 antecedenti
928 2213 1085 2279 artissime
1108 2215 1308 2284 coniunxerit
1317 2219 1349 2304 1).

236 2315 440 2383 Intercalares
462 2337 531 2381 esse
552 2315 611 2380 hos
633 2338 742 2382 versus
764 2319 887 2383 statuo:

299 2439 322 2505 l.
388 2437 526 2519 Battara,
549 2457 680 2520 cycneas
703 2441 881 2520 repetamus
903 2438 1040 2503 carmine
1062 2460 1155 2505 voces
1176 2463 1205 2505 ν.
1230 2443 1257 2507 1.

387 2539 488 2606 Multa
513 2539 600 2622 prius
620 2538 707 2621 fient,
731 2562 826 2624 quam
848 2562 913 2607 non
934 2563 1005 2606 mea
1026 2542 1126 2607 libera
1147 2565 1247 2609 avena
1270 2570 1299 2612 ν.
1324 2548 1352 2614 7.

284 2647 321 2713 11.
342 2668 369 2711 a.
386 2644 516 2727 Rursus,
532 2647 564 2709 et
577 2643 638 2708 hoc
647 2644 761 2710 iterum
775 2648 961 2728 repetamus,
977 2646 1114 2730 Battare,
1126 2669 1251 2714 carmen
1263 2673 1290 2716 u.
1302 2653 1351 2718 14.

386 2746 452 2813 Nec
473 2747 555 2813 desit
576 2748 692 2813 nostris
715 2748 862 2813 devotum
885 2769 1009 2814 carmen
1031 2751 1138 2815 avenis
1160 2774 1189 2816 v.
1221 2754 1271 2818 19.

388 2849 441 2918 Sic
452 2872 570 2934 precor,
583 2854 615 2917 et
626 2852 743 2917 nostris
757 2856 906 2935 superent
920 2852 997 2918 haec
1013 2854 1151 2918 carmina
1161 2857 1244 2920 votis
1259 2880 1287 2921 u.
1303 2858 1352 2924 25.

387 2952 472 3021 Haec
486 2954 564 3020 mihi
578 2976 671 3039 saepe
686 2976 790 3020 meum
799 2955 969 3038 resonabit,
985 2956 1122 3039 Battara,
1138 2977 1263 3024 carmen
1277 2983 1305 3026 v.
1313 2961 1356 3029 30

439 3061 512 3142 post
533 3080 561 3122 v.
585 3059 636 3124 36.

391 3155 444 3227 Sic
456 3182 574 3245 precor,
591 3165 623 3228 et
637 3160 754 3228 nostris
769 3164 919 3244 superent
933 3160 1011 3226 haec
1022 3161 1161 3228 carmina
1175 3165 1258 3231 votis
1270 3167 1351 3232 ull.

236 3300 439 3314 μι--ι--

338 3369 357 3436 ¹)
375 3363 554 3422 Intercalares
578 3381 640 3420 cum
657 3365 775 3434 proxima
802 3365 932 3420 sentemia
958 3364 1128 3422 cohaerentes
1154 3367 1234 3422 etiam
1263 3367 1353 3423 inveni

234 3454 304 3524 apud
321 3453 396 3511 Ovid.
417 3453 500 3510 ami
517 3454 541 3509 6.
559 3451 593 3506 56
615 3454 642 3506 ct
664 3453 761 3507 Anser.
780 3451 818 3505 VI
837 3455 850 3505 1
870 3459 914 3521 (z
931 3451 1004 3521 idyll.
1022 3452 1050 3523 8)
1082 3453 1150 3508 Jooa
1171 3454 1246 3508 veni:
1270 3471 1354 3510 mous

235 3556 311 3605 mena
328 3539 403 3594 ceni:
422 3544 541 3595 renouata
557 3539 624 3604 oeni,
645 3539 696 3608 Sol,
716 3538 838 3594 Consulis
856 3535 975 3592 Ausonii
991 3539 1101 3594 Latiam
1118 3540 1207 3595 occure
1225 3543 1350 3597 curulem.

238 3628 328 3682 -De
346 3626 445 3683 catoni
462 3642 541 3681 versu
558 3625 705 3681 intercalari
724 3626 810 3680 Ziwsa
825 3625 853 3678 in
870 3625 980 3680 Wiener
998 3626 1105 3681 Studien
1123 3628 1164 3682 111
1175 3628 1233 3698 298,
1247 3629 1286 3683 IV
1294 3630 1352 3698 271,

235 3715 356 3770 accurata
373 3713 552 3768 dissertatione
570 3712 714 3782 praemissa
731 3729 755 3782 p.
767 3711 817 3766 288
829 3712 895 3766 haec
915 3712 1079 3781 potissimum
1097 3713 1184 3769 docet:
1200 3714 1254 3768 Der
1266 3715 1351 3768 Inter·

217 3800 306 3856 ¹calm
322 3800 375 3870 (ist)
398 3800 531 3854 entwcder
553 3799 600 3853 der
616 3799 712 3868 ludger
728 3799 775 3853 des
793 3797 926 3852 leitenden
949 3799 1104 3854 Gedanhens
1123 3843 1128 3856 .
1149 3841 1169 3869 .,
1187 3800 1238 3854 wie
1255 3800 1283 3853 in
1301 3802 1352 3855 den

235 3885 375 3955 hleincren,
394 3885 608 3957 dch'ambischen
619 3886 712 3941 Pocsie
730 3884 928 3956 angehdrenden
941 3885 1061 3952 liedern,
1079 3888 1142 3942 oder
1156 3889 1203 3941 der
1213 3888 1352 3941 Ausdruck

235 3975 307 4028 einer
330 3972 466 4043 gewissen,
490 3974 536 4028 das
561 3973 646 4027 Ganze
669 3971 880 4027 illustriorenden
902 3971 1057 4042 Stimmung,
1079 3973 1144 4026 kurz
1168 3973 1210 4027 dic
1229 3971 1352 4040 Signatur

233 4059 280 4114 des
296 4056 398 4124 liedes
416 4059 466 4114 wie
483 4059 510 4113 in
527 4060 578 4114 den
593 4057 790 4128 Epithalamien.
826 4057 856 4112 in
874 4057 968 4112 beiden
980 4058 1072 4113 Fdllen
1089 4059 1160 4114 steht
1177 4076 1206 4113 er
1223 4057 1351 4114 demnach

233 4146 260 4200 in
277 4145 407 4214 logischer
423 4146 581 4214 Dependenz
598 4161 649 4200 von
667 4145 713 4199 der
724 4144 947 4211 Gedankenrcihe,
965 4145 1007 4199 die
1025 4161 1054 4199 er
1067 4145 1229 4214 beschliesst‚
1247 4147 1302 4199 und
1320 4162 1349 4200 es

233 4232 302 4288 kann
320 4232 417 4287 sorrech
434 4232 473 4287 als
483 4232 579 4287 Zweck
590 4233 636 4286 des
647 4231 827 4286 Schaltverses
839 4231 885 4285 der
899 4229 1014 4298 logische
1027 4231 1169 4286 hbschluss
1185 4247 1350 4285 zusammen·

233 4318 517 4388 gehbrigerGedanken
534 4319 588 4372 und
598 4319 745 4388 gegebenen
757 4317 842 4372 Falles
860 4316 992 4371 mittelbar
1009 4319 1126 4372 dadurch
1144 4318 1210 4372 anch
1225 4318 1268 4371 die
1283 4321 1350 4378 stro-

232 4403 340 4474 phisohe
351 4404 510 4476 Gliederung
522 4435 555 4445 -—
569 4405 618 4460 wie
628 4405 654 4458 in
665 4405 716 4459 don
729 4407 866 4475 grosseren
881 4402 1025 4458 Gedichten
1038 4433 1067 4444 -
1078 4405 1226 4474 angegeben
1236 4393 1349 4463 weiden.
