3266 4914
764 392 969 458 ..26-

411 565 462 631 76.
485 565 646 650 fumantes
672 565 794 629 imbres.
839 564 964 647 lllaehly
984 564 1118 650 pessime
1141 566 1303 630 undantes.
1342 563 1425 629 Con-

308 670 404 734 trario
446 669 539 734 modo
572 669 725 752 Vergilius
767 668 886 732 fumum
920 669 1091 734 undantem
1124 669 1206 736 dixit
1235 670 1270 734 Α.
1301 669 1329 733 Π
1362 669 1424 732 609

310 774 396 838 Sasu
417 773 500 836 eides
522 772 678 856 minioque
698 773 871 837 scrutantem
889 774 1017 857 putrere
1037 773 1182 856 frnnnm3
1204 772 1258 837 cir.
1282 777 1316 837 et
1336 773 1424 854 Verg.

308 876 343 940 A.
367 876 421 939 Vll
451 876 513 940 465
544 877 690 959 fumidus
717 877 825 940 aurnts·
845 881 878 941 et
898 876 1053 940 Luxorius
1076 876 1244 955 (Baehrens
1266 877 1300 940 P.
1325 875 1358 939 L.
1383 875 1423 938 lll.

306 979 346 1043 IV
368 978 429 1044 417
453 1001 480 1042 v.
505 978 537 1060 e)
564 979 726 1058 sternentia
748 985 881 1043 cerrmat
902 979 1035 1044 Pascua.

409 1099 460 1176 78.
510 1099 582 1180 Qut,
605 1099 669 1163 scil.
694 1099 804 1183 campi.

411 1219 462 1284 79.
514 1220 602 1284 Unde
633 1221 745 1304 clupea.
797 1219 968 1284 Parataxin
1006 1242 1100 1302 quam
1134 1224 1249 1284 vocant
1282 1223 1424 1284 statuens

307 1320 470 1404 intellego:
494 1321 521 1386 si
543 1321 628 1386 unda
650 1333 742 1405 agros
765 1344 851 1386 meos
873 1323 1050 1405 pervenerit
1069 1321 1281 1405 (tutemet),
1305 1322 1426 1387 advena

307 1424 444 1508 piscetur
466 1424 558 1507 (coni.
583 1447 681 1508 praes.
707 1450 746 1479 τε
771 1425 828 1489 fut.
851 1425 893 1506 l);
916 1427 999 1490 erede
1020 1429 1126 1491 autem
1144 1421 1210 1514 {pro
1225 1432 1254 1490 et
1267 1427 1341 1490 inde
1358 1426 1423 1490 scil.

307 1549 323 1590 e
351 1527 486 1610 praediis
516 1528 627 1592 vicinis
661 1528 858 1593 dominorum
891 1529 1023 1593 aliorum
1054 1528 1105 1611 (cl.
1139 1522 1171 1592 v'.
1192 1528 1246 1610 78)
1287 1531 1426 1612 positum

306 1654 374 1694 esse
402 1635 488 1714 puto.
522 1631 667 1696 Ceterum
683 1632 710 1695 si
726 1633 796 1714 quis
811 1631 1045 1698 coniunctivum
1061 1634 1234 1715 praesentis
1251 1655 1305 1716 pro
1319 1633 1424 1697 tuturo

308 1735 442 1817 simplici
464 1741 649 1818 usurpatum
672 1736 704 1799 in
726 1736 872 1819 parataxi
893 1736 1020 1801 tolerari
1043 1759 1135 1820 posse
1150 1742 1254 1820 neget,
1278 1738 1427 1802 Horatius

305 1839 400 1903 etiam
422 1839 499 1904 illud
523 1840 649 1922 scripsit
671 1844 729 1904 set.
754 1841 781 1903 ll
805 1841 833 1920 7,
856 1841 897 1906 32
921 1862 988 1924 sqq.
1013 1841 1138 1904 iusserit
1158 1842 1201 1904 ud
1220 1864 1253 1906 sc
1275 1892 1281 1906 .
1300 1893 1306 1904 .
1324 1843 1428 1906 cesare

304 1943 477 2025 calestram,
502 1945 681 2008 ..blateras
695 1947 826 2008 clamore
846 1945 1010 2028 supisqnm
1033 1944 1071 2008 cf.
1088 1945 1172 2010 Pers.
1197 1946 1235 2008 IV
1258 1946 1299 2009 25
1322 1968 1378 2028 sq,
1401 1947 1427 2010 V

306 2047 367 2111 189
387 2069 455 2130 sqq.
480 2048 568 2131 Verg.
586 2048 621 2114 A.
640 2048 745 2112 11190.
793 2048 936 2113 Ceterum
960 2049 1097 2114 dubitari
1119 2054 1233 2132 potest,
1256 2073 1296 2113 an
1319 2050 1428 2114 adver-

304 2150 390 2215 bium
416 2151 581 2217 relativum
603 2154 686 2217 simle
708 2153 753 2217 ita
774 2157 811 2216 ut
831 2153 888 2216 ubi
902 2154 996 2218 etiam
1013 2153 1081 2218 loco
1097 2153 1332 2219 coniunctionis
1347 2159 1427 2218 tem-

304 2254 420 2339 poralis
451 2278 520 2319 esse
551 2255 659 2338 possit.
715 2254 832 2319 Tamen
866 2277 937 2320 cum
968 2259 1051 2322 tresde
1079 2256 1195 2322 melum
1219 2279 1330 2322 sonum
1354 2279 1425 2320 cum

304 2361 446 2422 extremo
468 2380 558 2422 versu
582 2360 670 2423 meda
692 2363 863 2424 certantem
880 2358 1005 2437 efficiat,
1029 2381 1109 2440 cum,
1126 2361 1153 2424 si
1169 2361 1329 2442 parataxis
1345 2362 1426 2425 acei-

303 2461 396 2545 pitur,
429 2463 589 2527 adiunctio
620 2464 846 2528 enuntiationis
868 2465 1053 2546 pronomine
1076 2464 1207 2529 relativo
1229 2464 1313 2529 facta
1335 2465 1426 2530 valde

305 2565 452 2646 offendat,
484 2588 556 2631 cum
587 2567 720 2649 denique
742 2567 775 2630 in
797 2567 858 2632 hoc
880 2572 954 2633 voto
977 2566 1082 2632 omnia
1105 2571 1184 2632 vote
1206 2568 1425 2651 praecedentia

302 2669 466 2752 complexo
497 2669 628 2753 exprimi
661 2670 828 2736 verisimile
860 2671 903 2736 sit
933 2671 1034 2736 undas
1056 2671 1088 2734 in
1117 2670 1223 2734 omnia
1245 2670 1333 2735 fundi
1357 2672 1426 2736 loca

303 2774 490 2858 pervenisse,
520 2774 664 2857 parataxi
697 2775 801 2857 posita
832 2775 1017 2839 coniecerim
1064 2775 1209 2859 Undique
1230 2776 1319 2859 lapsu
1342 2798 1425 2840 rrreos

303 2897 393 2960 apros
419 2878 594 2960 pervenerit
623 2879 711 2942 ereda
743 2877 772 2940 h.
798 2901 823 2941 e.
858 2878 900 2943 ist
930 2878 1014 2943 darm
1049 2877 1098 2942 die
1133 2899 1222 2959 woge
1254 2900 1316 2942 von
1343 2876 1425 2944 allen

307 2980 407 3045 seiten
429 2980 624 3063 hergleitend
645 2981 702 3045 aul
721 2983 823 3045 meine
845 2981 942 3046 felder
963 2982 1101 3066 gelangt,
1124 3004 1160 3046 so
1182 3004 1245 3065 eqs.

403 3101 455 3168 80.
500 3102 595 3167 Notio
617 3103 732 3167 nostris
754 3103 792 3167 in
821 3103 951 3187 finibus,
975 3107 1143 3187 postquam
1164 3102 1308 3187 proximo
1331 3127 1423 3170 versu

301 3204 364 3270 iam
387 3226 469 3271 eneas
489 3228 580 3291 cyrus
603 3207 781 3288 antecessit,
804 3229 957 3272 summam
982 3207 1080 3272 habet
1100 3207 1299 3290 gravitatem.

402 3327 454 3392 82.
476 3334 656 3411 praetorum
677 3327 818 3392 cremina.
846 3327 892 3392 De
907 3328 1104 3411 praetoribus
1120 3329 1151 3392 in
1167 3328 1269 3411 capite
1284 3329 1423 3394 secundo

300 3429 397 3492 verba
427 3429 554 3509 taciam3
585 3437 750 3515 protanam
789 3433 927 3496 crimina
961 3431 1131 3496 Rothstein
1162 3432 1289 3496 retineri
1322 3433 1424 3498 voluit

302 3555 359 3596 nec
374 3556 448 3597 vero
463 3535 647 3618 explicavit:
670 3535 817 3598 nimirum
833 3535 950 3599 mentio
968 3539 1128 3617 pratorum
1144 3535 1235 3600 iuxta
1249 3536 1421 3618 agellorum

301 3636 449 3720 explicari
464 3640 583 3721 nequit.
628 3639 786 3704 Baehrens
802 3661 875 3703 vero
897 3661 974 3704 voce
995 3639 1136 3718 crtrnine,
1161 3639 1235 3721 quia
1257 3637 1289 3703 in
1311 3663 1420 3704 versus

301 3740 340 3803 81
358 3740 466 3804 eadem
490 3743 562 3806 sede
585 3742 753 3822 antecedit,
777 3742 855 3806 adeo
879 3743 1017 3806 offensus
1040 3746 1097 3822 est,
1120 3746 1165 3814 ut,
1189 3743 1249 3806 etsi
1271 3743 1303 3806 in
1325 3766 1353 3806 v.
1378 3744 1420 3807 85

300 3843 422 3925 frenasti
443 3845 513 3908 emt
537 3844 748 3927 subsequitur,
774 3866 874 3929 proco
903 3844 1070 3909 certamine
1102 3849 1246 3925 mutaret,
1286 3845 1419 3926 frustra3

301 3967 403 4029 neque
426 3947 526 4011 sensit
548 3946 599 4010 ille
622 3948 716 4011 etiem
739 3948 770 4010 in
797 3970 846 4010 vv.
871 3947 912 4012 65
935 3951 968 4012 et
988 3947 1028 4010 67
1061 3947 1171 4010 iisdem
1201 3948 1328 4011 sedibus
1356 3949 1419 4031 llu-

300 4048 391 4112 nn'nu
421 4070 535 4112 nomen
566 4049 616 4113 bis
645 4049 791 4132 deinceps
814 4072 983 4113 occurrere.
1029 4049 1213 4132 Opportune
1235 4072 1343 4115 versus
1365 4052 1416 4132 66,

300 4151 327 4215 si
356 4151 424 4216 loco
454 4151 571 4216 tradito
604 4152 766 4228 retinetur,
799 4153 880 4217 inter
909 4152 1025 4235 duplex
1056 4152 1132 4216 illud
1158 4153 1299 4237 slrsrniuu
1320 4155 1417 4218 inter-

299 4255 391 4335 cedit,
423 4256 498 4320 item
526 4256 553 4319 si
579 4255 649 4320 loco
671 4278 726 4339 per
755 4257 964 4325 Ribbeckium
997 4261 1135 4342 accepto,
1167 4257 1260 4322 ambo
1282 4259 1416 4326 ostentae

283 4358 493 4457 ¹intercedens
516 4359 661 4444 seiungit.
