3266 4914
676 374 887 440 ..75-

317 547 430 612 Restat
451 552 488 612 ut
510 547 679 613 Suetonius
701 549 814 612 iterum
838 550 982 614 audiatur
1004 547 1055 631 (de
1070 572 1166 632 gram.
1184 548 1238 629 ID:
1264 551 1332 616 Lu·

218 654 272 717 cili
290 639 416 717 suturas
439 699 492 715 ...
516 652 620 735 leplsse
641 674 673 715 se
688 654 776 736 opud
790 655 977 716 Archelaum
1002 653 1169 738 Pompeias
1183 655 1335 731 Lenaeus,

218 759 305 840 apud
335 757 552 820 Philocomum
589 756 730 819 Valerius
766 759 839 822 Colo
864 751 1056 841 praedarent.
1112 757 1214 841 litque
1243 755 1336 819 ambo

220 882 327 924 revera
350 863 559 922 esaturarum
580 858 680 922 Lucili
703 858 838 924 lectione
860 859 996 925 fructum
1018 864 1237 944 perceperunt3
1262 881 1333 921 nam

220 963 361 1028 Lenaeus
400 965 568 1028 memoriae
605 964 734 1046 Pompei
771 964 983 1046 defendendae
1021 950 1117 1030 causa
1146 951 1336 1030 ¹Sallustium

220 1068 404 1132 historicum
439 1068 641 1132 acerbissima
663 1071 769 1132 satura
791 1069 949 1148 laceravit,
984 1069 1062 1134 Cato
1085 1068 1338 1150 Indignatiouem

221 1195 309 1236 suam
343 1173 476 1254 scripsit,
511 1173 561 1236 cui
592 1195 747 1235 summam
783 1172 1016 1241 similitudinem
1053 1194 1123 1235 cum
1162 1175 1337 1234 saturarum

190 1312 195 1320 ·
221 1299 333 1358 genere
357 1276 453 1340 fuisse
476 1277 641 1340 verisimile
665 1281 713 1341 est
725 1275 755 1358 ¹).
802 1276 864 1340 Sed
887 1299 980 1358 quarn
1004 1280 1144 1340 attentus
1168 1274 1338 1356 discipulus

223 1380 397 1444 Philocomi
424 1380 563 1444 Valerius
591 1380 685 1444 fuerit
707 1385 887 1464 quantaque
910 1381 1072 1462 diligentia
1094 1384 1217 1444 saturas
1239 1377 1338 1442 Lucili
1389 1463 1393 1472 Ι

220 1483 339 1565 legerit,
372 1487 494 1566 praeter
524 1484 653 1567 Lydiam
684 1484 734 1564 (cf.
759 1506 787 1566 p.
812 1483 863 1561 54)
894 1485 988 1548 etiarn
1017 1484 1110 1548 Dirae
1132 1484 1212 1548 bene
1234 1486 1339 1548 osten-

222 1588 308 1651 dunt.
356 1585 490 1650 Confero
513 1587 596 1650 enirn
619 1587 681 1650 Dir.
705 1586 746 1652 35
769 1609 814 1670 sq.

323 1693 468 1776 luppiter
488 1692 562 1775 ipse,
587 1692 731 1775 luppiter
751 1693 836 1756 lucc
858 1691 911 1773 (ἶ
932 1690 1056 1772 siloam)
1082 1693 1163 1758 alud

221 1818 292 1862 cum
313 1796 410 1860 Lucil.
434 1797 460 1860 V
482 1795 523 1860 23
595 1819 598 1825 ·

325 1901 385 1964 Hic
406 1906 482 1964 srrnl
503 1901 619 1976 herbae,
642 1922 721 1983 qums
742 1901 819 1964 sccii
840 1901 985 1984 Iuppiter
1007 1901 1073 1986 ipsc

220 2005 418 2087 maximeque
439 2004 503 2067 Dir.
527 2002 568 2067 55
591 2025 636 2085 sq.

324 2109 422 2192 Nrpro
444 2110 544 2172 rmum
565 2109 649 2171 ruma
670 2109 780 2174 dicarit
799 2114 939 2193 portento
957 2111 1066 2174 rectore

323 2214 466 2278 Monstro

222 2339 293 2381 cunr
314 2316 411 2380 Lucil.
436 2316 490 2380 XV
515 2316 530 2380 1
556 2338 601 2399 sq.

324 2421 428 2485 Multo
450 2421 591 2484 homines
608 2425 754 2504 portenta
776 2420 813 2482 la
835 2419 968 2484 Homeri
988 2419 1119 2484 censibu'
1143 2419 1218 2505 ricla

327 2526 469 2590 Monstra
487 2529 612 2608 putent,

223 2628 278 2691 ubi
311 2628 456 2692 notiones
489 2630 587 2691 ric-ullu
618 2629 651 2690 et
677 2627 787 2690 deccat
809 2648 864 2689 seu
884 2630 1000 2709 poturit
1022 2625 1115 2707 inque
1138 2626 1246 2708 primis
1269 2647 1343 2690 con-

224 2731 344 2796 iunctio
354 2731 447 2795 unica
456 2731 620 2794 verborum
632 2735 920 2814 rrrorrslrcporlenlu
931 2729 1138 2793 imitationem
1147 2730 1341 2796 confirmant.

327 2835 392 2900 lam
421 2857 494 2900 vero
517 2835 594 2899 satis
618 2833 727 2914 elucet,
757 2856 820 2916 qua
848 2833 886 2897 de
908 2855 1003 2896 causa
1024 2832 1177 2916 Vergilius
1199 2833 1290 2897 Diras
1313 2837 1345 2900 et

224 2938 354 3022 Lydiam
377 2931 545 3002 imitandas
569 2938 630 3002 sibi
652 2937 833 3020 sumpserit:
858 2937 992 3020 scriptae
1014 2942 1090 3002 sunt
1111 2939 1150 3002 ab
1167 2939 1261 3004 um‘co
1276 2961 1344 3004 mu-

223 3045 328 3127 cletm,
357 3065 483 3108 crimme
507 3044 721 3126 promrrmtr'cc,
749 3042 865 3126 optimo
884 3048 991 3126 poeta3
1022 3042 1131 3121 elucet,
1162 3064 1224 3124 quo
1251 3047 1344 3126 pacto

226 3149 365 3211 carmina
381 3147 496 3211 indicia
518 3147 610 3210 simul
627 3151 659 3210 et
675 3146 862 3229 antiquioris
886 3143 1095 3228 simplicitatis
1119 3151 1150 3211 et
1165 3146 1345 3229 Augusteae

227 3250 401 3332 elegantiae
424 3273 498 3333 prae
521 3274 554 3314 se
574 3250 689 3314 ferant:
714 3250 848 3332 scriptor
871 3250 1044 3313 carminum
1059 3253 1126 3314 turn
1143 3251 1258 3330 floruit,
1274 3273 1345 3316 cum

229 3377 337 3418 recens
369 3357 455 3418 aetas
486 3355 665 3436 incipiebat,
698 3353 828 3435 antiqua
862 3352 1001 3416 noudum
1034 3353 1194 3434 finiverat3
1234 3354 1344 3435 elucet,

227 3480 289 3541 quo
323 3458 389 3521 iure
416 3457 488 3521 huic
516 3457 592 3522 ordo
620 3457 786 3520 verborum
809 3479 902 3538 quern
924 3457 1060 3520 indicavi
1082 3481 1103 3518 u
1124 3461 1146 3536 β
1169 3458 1229 3521 ab
1253 3480 1345 3540 saepe

226 3562 387 3644 placuerit,
411 3560 498 3624 elisio
521 3583 541 3624 o
562 3560 680 3624 vocalis
702 3559 908 3623 subtilissima
931 3559 1026 3624 etiam
1050 3559 1143 3622 nimis
1166 3583 1257 3642 saepe
1279 3561 1346 3642 pla-

228 3665 342 3728 cuerit:
366 3664 478 3727 horum
501 3663 703 3727 artificiorum
726 3685 782 3745 pro
805 3666 893 3744 parte
916 3666 1076 3726 auctorem
1091 3663 1187 3726 fuisse
1204 3664 1346 3746 suspicor

223 3774 347 3853 poclum
358 3768 515 3849 siccatque
527 3768 772 3850 prurrcrrralicum
786 3766 997 3845 rcellus-iuram,
1012 3765 1168 3828 Valerium
1184 3765 1344 3831 Catonem.

330 3905 448 3982 Quodsi
472 3905 526 3986 qui
554 3904 664 3967 harum
687 3905 861 3969 litterarum
890 3907 965 3967 sunt
986 3903 1087 3985 periti,
1110 3904 1274 3969 veritatem
1296 3927 1346 3968 me

229 4030 350 4091 semper
373 4008 574 4091 quaesivisse,
598 4008 755 4071 interdum
777 4006 949 4089 repperisse
966 4005 1181 4087 iudicaverint,
1206 4031 1245 4071 ex
1260 4009 1346 4073 Diris

229 4134 293 4176 non
317 4111 400 4175 diras
423 4110 556 4192 adeptus
579 4134 653 4174 sane
676 4132 791 4192 magno
815 4131 906 4193 opere
928 4109 1082 4191 gaudebo.

225 4225 430 4236 ......——

332 4265 351 4331 ¹)
369 4263 462 4316 Satura
485 4261 547 4330 quid
571 4262 606 4316 sit
624 4262 681 4315 Birt
699 4261 725 4314 in
742 4261 815 4326 libro,
835 4263 877 4313 cui
895 4259 1001 4314 titulum
1022 4261 1093 4314 dedit
1117 4262 1186 4318 Zuei
1212 4261 1347 4332 politische

230 4349 333 4406 Satiren
352 4350 398 4403 des
417 4347 486 4403 alten
503 4347 578 4418 Rom,
595 4349 746 4404 acutissime
764 4349 846 4402 docet.

635 4489 940 4502 ——w—-uss-
