3266 4914
640 1531 901 1607 Praefatio.

318 1712 518 1802 Bernhardii,
530 1720 704 1786 litterarum
719 1723 919 1806 antiquarum
935 1723 1045 1787 iudicis
1055 1722 1216 1808 elegantis,
1233 1728 1333 1796 dirum

219 1821 257 1888 de
278 1818 361 1890 Diris
393 1825 576 1890 vaticinium
608 1825 669 1890 hoc
697 1826 772 1891 luit:
807 1827 899 1892 Diese
919 1827 1085 1910 Reliquien
1116 1830 1240 1894 werden
1267 1833 1333 1899 also

219 1926 378 1994 fernerhin
406 1929 497 1994 einen
527 1929 616 1994 Platz
639 1934 731 1994 unter
751 1930 846 2013 jenen
867 1930 1127 2012 hoffnungslosen
1148 1932 1334 2001 Problemen

187 2101 192 2108 ⁴
220 2031 377 2115 behalten,
408 2058 449 2098 an
482 2033 600 2098 welche
629 2034 680 2099 die
711 2034 897 2118 Philologen
924 2034 1138 2099 Ehrenhalber
1166 2041 1242 2118 gute
1263 2040 1333 2106 Zeit

218 2136 284 2199 und
304 2137 397 2204 Kraft
417 2161 457 2202 zu
480 2138 721 2203 verschwenden
743 2141 875 2224 pflegen.
921 2138 1017 2216 Quod
1039 2162 1110 2204 oum
1131 2163 1253 2206 mecum
1269 2144 1334 2208 vol-

218 2261 299 2320 vam,
333 2242 475 2324 quamvis
504 2241 696 2325 periculosae
718 2243 845 2326 plenum
877 2264 955 2325 opus
978 2242 1064 2308 aleae
1086 2265 1135 2306 me
1158 2247 1332 2328 suscepisse

219 2343 361 2424 sentiam,
391 2348 497 2410 tamen
526 2344 620 2410 hasce
648 2346 824 2411 studiorum
853 2345 1007 2429 primitias
1035 2368 1100 2409 non
1126 2350 1217 2411 tanta
1239 2349 1335 2414 animi

218 2447 427 2528 trepidatione
466 2469 585 2531 promo,
626 2453 745 2531 quanto
785 2471 890 2513 amore
933 2447 1104 2532 conscrispi
1140 2453 1172 2514 et
1207 2452 1331 2532 gaudio.

220 2548 373 2626 Quoniam
406 2550 502 2634 igitur
531 2551 608 2616 duas
640 2551 933 2635 disputatiunculas,
966 2574 1061 2616 unam
1083 2553 1121 2616 de
1143 2555 1332 2640 recensione,

220 2651 351 2717 alteram
381 2654 419 2718 de
441 2657 569 2719 anctore
598 2653 770 2719 carminum
797 2653 929 2719 feliciter
959 2654 1089 2735 absolvi,
1119 2676 1251 2738 magnas
1274 2682 1334 2742 ago

220 2756 280 2822 tibi
307 2757 437 2840 gratias,
469 2757 631 2822 Theodoro
659 2757 736 2839 Birt,
768 2780 824 2841 pro
851 2757 973 2840 magnis
1000 2757 1064 2822 tuis
1094 2757 1132 2820 de
1153 2757 1213 2823 hoo
1242 2783 1334 2844 opere

221 2862 254 2924 et
275 2860 441 2944 praecipue
463 2861 502 2925 de
523 2862 666 2926 versione
694 2861 823 2926 meritis.
868 2861 996 2944 lamque
1018 2865 1055 2927 ut
1076 2861 1181 2926 aditus
1203 2863 1242 2926 ad
1265 2888 1335 2930 sen·

219 2964 344 3044 tentias,
373 2986 453 3047 quae
475 2965 612 3029 virorum
642 2965 806 3029 doctorum
820 2964 879 3029 hac
908 2965 942 3028 in
971 2988 1003 3029 re
1033 2964 1168 3055 fuerunt,
1203 2965 1271 3030 aliis
1300 2969 1334 3032 in

219 3071 379 3150 posterum
407 3066 530 3132 facilius
557 3071 665 3152 pateat
692 3089 786 3151 quam
809 3067 883 3132 olim
905 3067 992 3148 mihi,
1023 3067 1171 3132 tabellam
1194 3071 1334 3139 omnium

218 3169 378 3252 librorum,
411 3193 490 3254 quos
521 3171 560 3236 de
581 3170 664 3236 Diris
694 3176 727 3237 et
758 3171 856 3255 Lydia
889 3171 1023 3255 scriptos
1052 3171 1166 3253 inveni,
1199 3177 1334 3240 sermoni

218 3279 326 3340 nostro
349 3275 571 3358 praemuniam.
617 3274 700 3341 Sunt
719 3275 768 3340 hi:

286 3377 391 3444 Editio
412 3378 528 3462 Vergili
549 3379 702 3463 princeps.
747 3379 890 3443 Romana
911 3378 933 3442 I.
957 3401 997 3443 cr.
1023 3379 1106 3443 1469
1115 3378 1166 3460 ¹).*

283 3481 342 3545 loe.
367 3481 506 3565 Scaliger
528 3483 575 3547 ed.
599 3483 632 3546 in
654 3483 824 3566 appendice
847 3482 1024 3564 Vergiliana
1047 3484 1157 3548 15733Ιῖ

282 3583 388 3649 Editio
410 3583 598 3650 Basileensis
622 3583 732 3650 15711*
1061 3627 1066 3637 ,

283 3686 434 3772 Scaligeri
456 3689 552 3754 editio
575 3689 688 3755 iterata
709 3711 784 3754 cura
806 3688 1049 3758 Lindenbrochii
1072 3690 1182 3756 159h.*

280 3790 431 3856 Pithoeus
455 3792 501 3857 ed.
525 3793 667 3875 Lugdun.
714 3791 825 3858 1596.*

282 3925 353 3991 Chr.
376 3927 578 4014 Egenolphus
601 3930 647 3995 ed.
671 3930 870 3996 Frankofurt.
916 3928 1030 3994 1610.*

280 4029 391 4095 Scali
397 4034 483 4115 geri
510 4035 640 4101 editio
665 4036 794 4101 tertium
819 4036 932 4100 iterata
961 4033 1055 4099 titulo
1082 4033 1242 4101 Catalecta
1267 4037 1334 4102 vir-

317 4135 385 4218 gilii
406 4159 435 4219 p.
461 4138 531 4203 169.
575 4138 718 4223 Lugdun.
766 4137 877 4204 1617.*

215 4272 418 4282 --—.-—.......

320 4339 340 4408 ¹)
359 4337 399 4392 Do
417 4338 511 4394 ceteris
529 4339 684 4395 editionibus
701 4341 816 4411 antiquis
834 4341 924 4396 videas
942 4341 1072 4398 Naekium
1090 4360 1114 4414 p.
1133 4341 1278 4399 ara-422.

321 4425 337 4460 *
358 4423 437 4482 Hunc
453 4423 550 4482 librum
567 4425 696 4498 inspicere
712 4427 778 4482 mihi
795 4443 847 4484 non
864 4426 962 4498 obtigit.
