3266 4914
664 349 875 414 ..35-

209 537 276 598 tam
297 526 487 614 virginitatis
510 545 603 607 quam
619 521 783 587 castitatis
821 521 891 585 Alia
906 519 1002 584 fuisse
1017 517 1141 582 videtur
1154 513 1319 598 virginum,

211 635 249 702 cf.
273 636 337 700 Val.
362 634 462 698 Flacc.
485 628 589 692 Vlllli
617 627 734 693 Ultlmu
751 625 901 710 clrptneis
923 631 997 688 tanc
1017 623 1097 707 fleus
1117 621 1199 686 dedit
1219 623 1322 685 oscula

209 741 303 821 mltis,
336 738 398 804 alia
419 738 641 812 matronarum,
674 752 768 812 quarn
801 729 937 812 virgines
968 728 1016 791 die
1039 725 1173 808 nuptiali
1201 746 1335 796 sumere,

210 843 319 908 solitas
342 863 409 906 esse
433 839 580 903 discimus
614 834 795 917 eProperti
823 834 958 897 carmine
994 832 1019 894 V
1049 832 1098 912 ll,
1130 831 1172 894 34
1215 833 1323 898 Vlnoett

209 951 237 1008 ct
257 951 394 1030 acceptos
428 945 523 1007 altem
553 941 629 1005 roua
661 959 772 1003 comos.
827 935 1078 1001 Consentaneum
1107 937 1163 1015 est,
1197 935 1224 1000 si
1243 936 1323 1000 vitta

209 1049 337 1132 pudoris
369 1047 493 1128 signum
525 1042 709 1121 habebatur,
742 1039 918 1104 meretrices
951 1042 987 1102 ut
1020 1037 1138 1120 pudore
1168 1038 1215 1102 ita
1242 1039 1323 1103 vitta

211 1151 356 1229 caruisse,
390 1149 478 1212 cuius
500 1147 545 1210 rei
571 1149 684 1209 testem
706 1144 771 1206 scio
801 1142 902 1205 Plaut.
926 1141 1003 1223 glor.
1025 1141 1085 1204 791
1119 1142 1229 1225 Itaqmc
1254 1163 1323 1206 cum

211 1255 288 1335 (scil.
323 1248 529 1332 meretricem)
573 1250 633 1312 lmc
665 1235 808 1311 orbatam
841 1247 977 1310 adducas
985 1269 996 1308 .·
1033 1266 1070 1308 aa
1104 1250 1323 1311 mmmmm-am

208 1358 298 1420 modo
335 1355 440 1439 Cupite
468 1357 587 1436 canpto
619 1350 717 1414 erinis
746 1350 897 1432 vittasque
919 1348 1028 1411 babeat
1048 1348 1271 1432 adsimuletque
1292 1374 1324 1415 se

211 1461 311 1524 Tuam
333 1481 395 1522 esso
416 1478 560 1534 croceum
594 1476 695 1535 neque
726 1453 826 1516 secius
849 1451 961 1515 Tibull.
985 1451 998 1512 l
1021 1451 1049 1531 6,
1080 1451 1119 1515 67
1153 1453 1204 1516 sa
1234 1456 1323 1519 modo

212 1569 304 1644 costa,
327 1564 405 1642 doce,
429 1560 573 1644 quamuis
596 1579 660 1621 nom
681 1557 756 1620 alltc
772 1557 879 1639 lipotos
893 1555 1050 1638 Impediat
1062 1555 1164 1619 crines
1178 1577 1234 1620 nec
1247 1559 1324 1621 stolo

210 1667 300 1748 lonya
310 1666 411 1749 pedes.
447 1663 531 1738 Quae
547 1682 615 1724 cum
632 1659 677 1724 ita
694 1660 766 1737 sint,
791 1658 828 1721 de
843 1657 1001 1721 mentione
1017 1661 1156 1722 sacratae
1171 1659 1268 1723 vittae
1290 1661 1329 1724 id

212 1768 355 1832 concludi
377 1767 442 1830 iam
463 1787 527 1828 non
549 1766 663 1846 potest,
687 1761 771 1844 quod
792 1761 875 1843 apud
897 1760 1105 1823 Ribbeckium
1128 1759 1323 1845 (Gesander

213 1879 289 1935 rbm.
306 1866 479 1952 Dichtung)
494 1867 608 1946 inveni,
633 1865 716 1929 hunc
731 1887 861 1929 uxorem
876 1863 1005 1927 alicuius
1021 1863 1181 1928 amavisse.
1221 1865 1324 1931 Etiam

212 1996 333 2038 amores
354 1973 437 2037 lovis
459 1971 585 2035 Veneris
608 1969 746 2033 Aurorae
767 1967 848 2032 infra
870 1967 958 2032 citati
984 1989 1092 2032 vereor
1107 1973 1144 2032 ut
1159 1969 1224 2033 eius
1239 1971 1324 2035 modi

213 2081 322 2141 notam
344 2076 521 2139 admittant.

311 2180 362 2244 55.
386 2179 444 2242 Hic
468 2182 516 2242 est
531 2177 756 2243 sententiarum
777 2179 884 2241 tenor:
909 2198 1008 2258 egone
1029 2177 1149 2260 primus
1171 2178 1324 2260 virginem

210 2284 334 2365 violavi,
367 2287 404 2348 ut
434 2282 633 2346 immaturam
666 2287 797 2345 mortem
826 2279 960 2344 obeam?
1002 2281 1081 2344 Nam
1104 2282 1222 2345 morior
1244 2283 1324 2347 desi-

210 2388 295 2451 derio
317 2386 446 2469 puellae.
492 2385 600 2450 Oratio
622 2389 728 2448 autem
742 2385 916 2448 immatura
936 2385 1004 2468 fatu
1018 2387 1131 2449 solccre
1145 2386 1223 2449 nihil
1239 2386 1323 2451 aliud

211 2490 358 2573 exprimit
380 2489 440 2552 nisi
462 2490 660 2552 immaturam
682 2491 814 2551 mortem
837 2487 932 2569 obire,
955 2488 1043 2552 cuius
1059 2489 1324 2571 interpretationis

211 2594 353 2676 exempla
375 2593 470 2656 affero
493 2591 565 2656 Sall.
590 2593 654 2674 lug.
679 2592 719 2655 69
742 2593 839 2676 capite
858 2613 976 2675 poenos
996 2594 1117 2676 soluere,
1140 2593 1211 2658 Tac.
1235 2616 1262 2658 a.
1286 2595 1325 2659 VI

214 2697 256 2759 26
277 2696 433 2780 supplicio
445 2697 621 2779 persolvere,
638 2694 723 2758 Suet.
742 2693 805 2757 Cal.
824 2694 864 2757 26
880 2701 1009 2758 mortem
1021 2698 1197 2780 persoluere.
1224 2697 1324 2774 Quare

212 2806 282 2864 rota
313 2799 491 2863 coniectura
522 2798 686 2878 Ribbecki,
716 2820 809 2880 quam
839 2820 878 2861 ne
906 2798 1097 2863 intellexisse
1124 2801 1247 2882 quidem
1277 2825 1326 2865 me

214 2904 314 2985 dolen,
338 2906 422 2967 certo
445 2924 674 2985 supervacanea
696 2906 751 2966 est.
798 2901 885 2965 Libri
900 2907 1005 2966 autem
1020 2904 1065 2967 sic
1080 2905 1225 2969 tradunt:
1241 2928 1327 2971 meae

213 3025 338 3088 omnes;
372 3028 491 3090 qaoque
514 3029 621 3071 omnes
643 3010 765 3088 praeter
787 3005 998 3087 MonacenseS,
1033 3009 1088 3090 qui
1117 3030 1222 3092 copam·
1256 3032 1327 3075 raeco

212 3111 360 3193 plerique,
376 3133 475 3176 nome
489 3110 631 3175 nonnulli
647 3110 825 3174 deteriores.
852 3109 971 3186 Quibus
983 3110 1171 3177 lectionibus
1186 3114 1326 3195 probatis

213 3215 320 3278 Naeke
342 3215 480 3279 restituit
509 3214 687 3278 Immotum
712 3235 797 3278 onena
819 3234 939 3296 qaoque
967 3235 1067 3278 reomao
1092 3217 1204 3280 soluere
1225 3217 1327 3300 fatal,

215 3339 294 3398 quae
316 3317 411 3381 verba
432 3317 514 3380 hanc
536 3316 724 3380 sententiam
746 3316 873 3379 reddere
895 3315 999 3380 lubet:
1023 3317 1221 3382 immaturam
1245 3341 1327 3384 mor·

214 3425 278 3484 tem
311 3419 397 3484 obire
431 3423 518 3484 estne
552 3420 646 3484 etiam
680 3441 766 3482 meae
789 3419 921 3502 culpae?
965 3418 1112 3485 Attamen
1134 3421 1263 3486 verbum
1285 3431 1330 3488 est

214 3546 306 3606 aegre
339 3523 532 3588 desideratur
568 3526 601 3587 et
628 3522 781 3604 particula
809 3544 1013 3607 qrmqacnnon
1035 3524 1112 3588 satis
1135 3525 1328 3608 intellegitur

215 3631 310 3708 atque
341 3648 440 3691 nomae
470 3649 579 3709 parurn
614 3626 688 3690 fidei
721 3626 825 3691 habet.
882 3627 967 3704 Quae
995 3649 1066 3692 curn
1093 3628 1138 3692 ita
1169 3631 1241 3710 sint,
1270 3653 1328 3694 nos

217 3735 322 3814 partes
343 3731 461 3814 Haupti
482 3752 657 3813 sequamur,
681 3731 735 3813 qui
757 3752 827 3794 cum
842 3754 965 3795 versum
987 3732 1029 3798 55
1052 3755 1123 3797 curn
1144 3734 1329 3798 anteceden-
1414 3813 1417 3822 ,

217 3834 303 3898 tibus
336 3835 562 3916 coniunxisset,
593 3835 677 3899 facili
705 3835 879 3900 mutatione
902 3821 970 3901 loco
1002 3838 1047 3901 sic
1069 3838 1241 3902 medicatus
1263 3844 1326 3904 est:

215 3936 394 4002 Immotum
421 3959 489 4002 rosen
519 3959 606 4021 sopor
634 3959 705 4002 nece
733 3939 845 4002 soluere
876 3939 976 4022 fatal,
1003 3940 1057 4003 ubi
1089 3941 1270 4021 immaturo,
1301 3943 1329 4005 si

217 4039 359 4122 neglecta
376 4063 408 4104 re
425 4041 630 4122 grammatica
651 4041 776 4124 proprio
792 4043 897 4106 sensui
912 4043 1092 4124 consulitur,
1108 4044 1148 4107 ad
1162 4065 1242 4127 nece,
1265 4067 1329 4109 non

216 4144 256 4207 ad
277 4143 345 4228 salo
366 4149 454 4226 spect
473 4148 495 4210 t.

318 4247 370 4312 58.
394 4248 468 4311 Noa
489 4269 566 4328 oneo,
589 4269 655 4311 nora
676 4249 738 4312 allo
768 4248 874 4312 cuncti
893 4247 965 4312 libri
995 4248 1121 4330 habent,
1151 4273 1232 4316 unus
1254 4252 1331 4317 Vos·

219 4351 325 4414 sianus
348 4351 433 4415 Nam
451 4373 522 4430 ¹meo
544 4373 618 4416 mort.
663 4351 805 4415 Habetur
827 4353 923 4434 igitur
944 4353 977 4416 in
999 4353 1125 4504 ορῒίηὲίἒ
1146 4353 1235 4419 libris
1254 4357 1331 4420 illud
