3266 4914
752 322 964 388 ...24-

306 492 514 558 nominentur.
561 493 718 576 Syrtem
750 497 832 560 enim
861 518 924 560 non
953 500 1019 560 tam
1044 496 1194 560 harenam
1216 517 1310 580 quarn
1332 516 1418 559 mare

304 598 406 680 ipsum
421 596 556 661 harenae
578 598 723 662 adiacens
746 621 844 681 eaque
866 600 1000 663 mixtum
1023 599 1172 682 appellari
1194 599 1332 664 ostendit
1353 599 1418 662 Ho-

304 701 402 764 ratius
435 722 528 779 earm.
558 701 586 764 11
617 702 646 781 6,
675 702 695 764 3
728 702 888 767 Barbaros
922 703 1036 785 Spetes,
1073 703 1130 766 ulei
1162 703 1279 766 Maura
1300 721 1421 786 semper

303 806 434 868 Aestuat
452 807 540 869 uredo
563 809 594 869 et
616 806 704 890 epod.
728 807 771 869 IX
793 806 832 869 31
856 807 1034 871 emunitates
1054 812 1112 870 aut
1124 808 1200 891 petit
1217 807 1323 888 Spptes
1340 807 1417 869 Noto

304 908 360 971 01.
393 931 452 971 am.
480 909 508 971 11
537 910 586 989 16,
620 910 659 973 21
701 911 835 993 Libycas
867 913 973 975 ausim
1005 933 1204 996 perrumpere
1237 911 1343 995 Syrtes
1375 910 1419 973 Et

303 1013 376 1086 dure
397 1033 463 1075 non
483 1013 591 1096 aepeee's
612 1015 678 1084 pelo
698 1013 825 1096 serceedu
847 1016 945 1092 rectis·
969 1013 1007 1078 cl.
1032 1013 1105 1079 Sall.
1129 1015 1194 1096 lug.
1219 1014 1268 1094 78,
1293 1014 1310 1076 l
1334 1035 1380 1095 sq.

405 1115 457 1179 53.
501 1116 670 1180 Notionem
691 1139 780 1182 soror
799 1120 894 1183 attera
915 1118 1023 1183 Naeke
1046 1119 1138 1183 docte
1160 1118 1314 1200 exposuit.

403 1220 454 1283 54.
499 1242 675 1286 revocasses.
719 1222 856 1298 Verbum
890 1223 1066 1302 revocandi,
1104 1223 1130 1286 si
1166 1222 1314 1287 revocasti
1346 1242 1418 1284 cum

302 1345 365 1386 uno
376 1321 618 1386 Helmstadiensi
634 1324 743 1404 editur,
756 1315 991 1408 responsionem
1006 1324 1091 1388 illam
1107 1325 1253 1407 exprimit
1268 1345 1347 1406 quae
1358 1322 1420 1386 fuit

303 1426 336 1488 in
358 1426 461 1507 priore
484 1427 619 1490 carmine
642 1428 820 1508 amoebaeo,
853 1428 941 1492 cuius
963 1452 995 1492 se
1018 1428 1196 1491 meminisse
1217 1431 1312 1510 poeta
1333 1425 1419 1503 dicit,

302 1527 596 1612 loetum-exprimit,
620 1531 647 1593 si
665 1530 778 1612 legitur
800 1552 968 1595 revocasses
990 1553 1061 1594 cum
1084 1530 1256 1612 Anglicano
1278 1533 1309 1594 et
1323 1529 1418 1591 'Pari-

302 1634 378 1696 sinis
401 1633 429 1695 11
452 1634 553 1714 01111,
577 1636 665 1698 euius
687 1635 756 1699 1000
779 1636 889 1717 optimi
912 1636 978 1698 sine
1006 1659 1100 1698 sensu
1122 1634 1313 1698 simillimum
1329 1653 1415 1696 reco-

300 1743 396 1801 000001
409 1723 568 1818 praebent,
592 1740 807 1820 repetitionem
833 1739 980 1821 exprimit
994 1739 1043 1802 his
1060 1739 1142 1803 Diris
1157 1738 1282 1806 factam,
1317 1736 1418 1813 Quare

217 1916 221 1927 Ι
298 1864 370 1906 eum
397 1865 425 1905 v.
451 1843 467 1904 1
491 1849 675 1926 repetamus,
697 1866 724 1907 v,
748 1845 767 1906 2
790 1845 903 1908 iterum
929 1866 1091 1922 canamus,
1115 1866 1143 1906 v.
1168 1843 1208 1906 14
1233 1847 1417 1926 repetamus,

301 1946 620 2023 asumuntur.
645 1948 686 2011 96
709 1969 882 2011 resecemus
906 1949 943 2012 de
966 1948 1151 2030 repetitione
1170 1946 1275 2028 posita
1290 1945 1363 2022 sint,
1387 1946 1420 2007 et

301 2049 506 2113 subtilissima
531 2055 563 2115 et
589 2051 811 2114 obscurissima
834 2052 972 2140 eiusdem
996 2049 1046 2134 (01.
1071 2075 1099 2116 v.
1123 2041 1179 2133 96)
1200 2049 1248 2113 vel
1271 2046 1419 2112 similium

299 2152 465 2217 verborum
495 2153 697 2219 distinetione
727 2176 851 2218 carmen
874 2159 1073 2237 premeretur,
1105 2154 1132 2218 si
1154 2173 1293 2217 reuocare
1314 2151 1347 2214 in
1368 2173 1417 2215 vv,

301 2254 343 2318 54
359 2259 390 2320 et
407 2257 443 2319 71
462 2278 525 2319 non
542 2257 579 2320 de
595 2257 780 2339 repetitione
801 2257 850 2322 his
872 2258 948 2340 ipsis
970 2257 1052 2321 Diris
1075 2257 1167 2338 laeta,
1190 2256 1245 2320 sed
1267 2256 1305 2319 de
1328 2254 1420 2318 alter-

300 2360 427 2423 natione
450 2361 543 2425 alieni
558 2361 703 2423 carminis
720 2361 920 2444 acciperetur.
966 2360 1131 2425 Sententia
1151 2362 1256 2424 autem
1271 2379 1417 2422 versuum

300 2463 422 2536 illorum
438 2464 572 2528 lectione
588 2486 757 2529 revocasses
779 2468 904 2548 recepta
919 2466 992 2531 talis
1012 2466 1125 2530 oritur:
1148 2466 1230 2529 hano
1246 2462 1417 2546 stropham,

298 2566 436 2648 Battare,
466 2569 493 2631 si
522 2572 626 2650 partes
657 2568 784 2633 alterius
807 2569 944 2634 cantoris
973 2573 1009 2633 ut
1042 2569 1117 2632 olim
1139 2568 1183 2632 ita
1209 2589 1293 2632 nune
1315 2588 1421 2629 01000-

299 2671 407 2753 pisses,
442 2671 609 2753 pulchrius7
642 2693 736 2753 quam
765 2693 822 2754 ego
855 2672 948 2736 modo
978 2671 1117 2754 repetivi,
1152 2675 1184 2736 te
1213 2671 1420 2753 repetiturum

300 2773 396 2838 luisse
424 2777 510 2857 puto,
541 2775 594 2856 qui
622 2774 704 2837 illius
731 2775 879 2858 strophae
901 2798 920 2838 a
942 2779 973 2839 te
1003 2778 1148 2838 cantatae
1176 2773 1297 2838 dulcem
1319 2771 1419 2837 tristi-

300 2878 378 2942 tiam
406 2878 556 2941 memoria
582 2878 661 2942 bene
682 2881 815 2943 teneam.
860 2879 918 2943 Est
940 2879 1035 2962 igitur
1057 2878 1110 2941 illa
1130 2881 1327 2943 cantatorum
1351 2897 1420 2940 mo-

297 2980 407 3061 destia,
431 3003 493 3062 qua
523 2981 688 3063 Vergiliani
709 3003 833 3064 quoque
856 2986 997 3064 pastores
1020 2985 1161 3046 utuntur.

326 3163 327 3166 Ἴ
399 3085 450 3150 60.
474 3087 618 3166 cinerem,
642 3086 706 3150 0011.
732 3109 825 3168 quern
846 3087 1025 3151 incendium
1048 3085 1144 3150 silvae
1167 3085 1312 3150 reddidit.

398 3189 450 3254 63.
475 3189 538 3254 tuis
565 3190 770 3273 trascendimus
798 3191 891 3254 aruis.
936 3190 1067 3254 Versum
1089 3190 1130 3254 64
1152 3192 1225 3253 ante
1247 3212 1275 3252 v.
1300 3187 1339 3250 67
1363 3208 1421 3269 po-

299 3292 398 3356 suisse
421 3297 453 3358 et
473 3316 598 3357 versum
627 3293 669 3358 65
702 3294 740 3357 de
772 3295 919 3377 Neptuno
946 3295 1138 3359 intellexisse
1168 3296 1249 3358 etv.
1273 3293 1314 3357 63
1347 3299 1417 3357 tuos

297 3397 366 3461 sinc
387 3398 518 3481 fanatice
537 3399 644 3462 orneris
675 3402 813 3462 mutasse
845 3398 1069 3463 Baehrensium
1092 3383 1167 3466 sane
1189 3419 1251 3462 non
1275 3397 1413 3463 dedecet.

297 3499 429 3564 Leniore
461 3505 566 3566 autem
598 3501 734 3565 remedio
765 3501 868 3566 locum
899 3505 1081 3585 corruptum
1110 3501 1203 3566 sarsit
1226 3501 1302 3581 Birt,
1326 3501 1415 3565 cuius

298 3602 571 3685 interpretatione:
607 3605 645 3668 Si
666 3605 776 3668 miuus
797 3607 870 3669 inec
900 3605 977 3687 (scil.
1001 3628 1091 3685 arva3
1122 3604 1159 3668 01.
1183 3627 1211 3667 v.
1236 3603 1278 3668 50
1306 3604 1417 3687 aripret

302 3707 471 3790 Neptunus
492 3710 529 3772 iu
543 3706 643 3790 urea),
666 3709 819 3792 Neptune,
843 3709 907 3773 tuis
928 3709 1134 3793 ireseereetirnus
1155 3709 1240 3774 umus
1262 3739 1303 3764 z
1325 3729 1418 3770 wenn

297 3808 348 3871 ich
370 3833 410 3872 zu
431 3811 534 3894 wenig
556 3811 615 3874 mit
631 3811 742 3874 deinen
759 3811 887 3891 leldern,
910 3812 939 3876 h.
958 3835 982 3874 0.
1000 3812 1107 3891 111101,
1124 3811 1173 3874 die
1188 3810 1419 3890 meineniiber·

296 3913 407 3993 giesse,
439 3914 595 3976 sententia
617 3914 745 3995 paulum
778 3915 956 3994 artificiosa,
988 3918 1094 3978 tamen
1123 3914 1208 3977 bona
1230 3914 1342 3992 oritur;
1376 3913 1414 3976 01.

299 4016 387 4098 Verg.
413 4016 448 4080 A.
474 4017 636 4098 11111695,
658 4039 734 4081 amu
757 4019 919 4102 Neptunia
963 4017 1025 4082 Cic.
1050 4017 1134 4081 Arat.
1160 4017 1220 4080 129
1254 4017 1417 4101 Neptunia

298 4125 405 4201 prata3
429 4120 467 4184 cf.
480 4121 569 4202 Verg.
588 4121 761 4201 A.11780;
784 4121 911 4186 111495.
937 4122 1025 4186 Ovid.
1043 4121 1154 4186 111011
1176 4122 1206 4201 2,
1228 4121 1285 4201 763
1308 4121 1416 4202 11112,

299 4223 350 4286 36.
394 4225 520 4289 Etenim
553 4225 580 4288 01
602 4247 673 4289 cum
695 4225 824 4289 Heinsio
858 4233 928 4290 tuos
950 4227 1156 4310 infundimus
1178 4226 1268 4289 aures
1295 4224 1419 4307 legitur,

300 4327 388 4392 notio
411 4329 605 4415 infundendi,
633 4351 704 4397 cum
727 4332 830 4398 cetera
851 4329 1002 4396 fundendi
1024 4330 1120 4397 verba
1141 4352 1189 4396 vv.
1214 4329 1265 4414 49,
1289 4327 1340 4415 51,
1363 4328 1413 4413 68,
