3266 4914
756 367 966 433 -44-

353 541 484 606 Tardius
506 542 559 605 ahl
583 541 714 605 miserae
737 541 916 606 descendite
939 545 1045 606 monte
1067 540 1203 623 capellae
1236 619 1239 628 γ

353 644 473 728 (Mollia
495 668 559 708 non
580 645 693 709 iterum
716 645 849 727 carpetis
872 645 987 727 pabula
1009 644 1096 726 nota)

353 749 461 830 Tuque
484 749 593 813 resiste
615 754 716 832 pater:
741 750 783 814 sit
804 749 903 831 prima
924 748 1093 813 novissima
1117 747 1223 812 nobis!

352 853 478 916 lntueor
500 875 639 935 campos:
663 853 790 935 longum
813 857 919 918 monet
942 877 1008 916 esse
1031 853 1098 916 siue
1121 852 1203 914 illis?

353 955 438 1018 Rura
459 955 559 1019 valete
582 957 704 1037 iterum,
727 961 824 1038 tuque
847 958 965 1039 optimu
986 956 1084 1040 Lydia
1106 954 1203 1033 salve;

354 1057 427 1122 Sive
450 1059 509 1122 eris
534 1063 564 1123 et
587 1060 614 1123 si
633 1082 706 1140 non,
729 1082 850 1123 mecum
872 1060 1012 1124 morieris
1034 1063 1209 1139 utrumque.

395 1162 577 1226 Extremum
599 1185 723 1226 carmen
746 1185 935 1244 revocemus,
958 1162 1096 1243 Battare,
1120 1184 1226 1225 avena.

353 1350 468 1418 &ulcio
490 1373 595 1415 amara
617 1352 701 1434 prius
722 1353 800 1416 fient
822 1356 854 1416 et
874 1352 979 1416 mollia
1002 1352 1087 1432 dura,

354 1455 496 1518 Candide
518 1455 608 1537 nigra
630 1456 711 1519 oculi
733 1461 861 1521 cernent
883 1460 915 1520 et
936 1457 1066 1520 dextera
1087 1455 1183 1534 laeva,

352 1558 533 1640 Migrabunt
555 1582 645 1622 casus
668 1560 769 1623 aliena
791 1561 823 1623 in
846 1583 975 1642 corpora
997 1582 1109 1638 rerum,

353 1663 452 1739 Quam
474 1667 539 1743 tua,
562 1663 666 1743 lunde,
690 1664 768 1727 meis
791 1664 921 1746 emigret
942 1687 1016 1726 cura
1038 1663 1189 1726 medullis,

354 1767 501 1842 Quamvis
523 1767 606 1849 ignis
629 1767 698 1844 eris,
722 1767 863 1848 quamvis
886 1789 977 1848 aqua,
1000 1790 1120 1849 semper
1143 1766 1267 1830 amabo:

395 1868 517 1934 Gaudia
540 1893 660 1957 semper
684 1871 767 1938 enirn
788 1874 844 1938 tua
866 1893 915 1934 rne
937 1871 1115 1935 meminisse
1136 1870 1250 1939 licebit.

750 2160 955 2271 WQW

740 2562 981 2702 dunis.

351 2739 496 2850 invideo
518 2778 618 2859 vobis,
641 2779 707 2861 agri
729 2778 926 2860 formosaque
948 2781 1046 2860 prata,

351 2883 418 2946 Hoc
440 2881 577 2947 formosa
598 2882 708 2964 magis,
732 2905 801 2944 meu
824 2882 907 2963 quod
930 2881 1067 2944 formosa
1088 2880 1191 2962 puella

352 2986 410 3050 Est
430 2986 535 3050 vobis:
559 2987 655 3052 tacite
677 2989 819 3050 nostrum
841 2986 980 3068 suspirat
1002 3006 1147 3048 amorem.

353 3091 415 3154 Vos
436 3113 519 3154 nunc
541 3091 594 3153 illa
617 3091 710 3170 videt,
733 3089 823 3154 vobis
845 3112 914 3153 mea
934 3089 1033 3171 Lydia
1054 3088 1144 3168 ludit,

351 3196 413 3258 Vos
436 3218 518 3259 nunc
540 3194 727 3276 adloquitur,
751 3217 806 3258 vos
828 3217 911 3258 nunc
937 3194 1060 3258 adridet
1081 3193 1196 3272 ocellis

355 3299 396 3362 Et
417 3321 487 3361 mea
508 3298 663 3363 submissa
684 3297 852 3361 meditat-ur
874 3297 1011 3360 carmina
1033 3320 1109 3361 voce

356 3400 471 3472 Cantat
493 3405 525 3466 et
547 3401 673 3481 interea,
697 3400 774 3464 mihi
796 3423 876 3483 quae
898 3400 1047 3465 cantabat
1069 3401 1101 3464 in
1124 3422 1237 3465 eurem.

394 3574 521 3638 Invideo
543 3574 642 3654 vobis,
667 3574 749 3656 agri:
774 3573 900 3638 discetis
924 3595 1035 3638 amare.

353 3678 378 3742 Ο
402 3678 554 3743 fortunati
575 3678 706 3742 nimium
726 3677 921 3760 multumque
943 3678 1038 3758 beati,

354 3782 390 3845 In
412 3781 525 3864 quibus
548 3781 601 3844 illa
622 3781 710 3864 pedis
733 3781 816 3844 nivei
838 3781 971 3864 vestigia
993 3784 1089 3863 ponet

354 3887 419 3951 Aut
440 3887 537 3951 roseis
560 3885 666 3968 digitis
688 3885 818 3949 viridem
841 3885 1028 3968 decerpserit
1049 3907 1142 3948 uvam

354 3989 457 4065 (Dulci
478 4011 613 4071 namque
634 3993 736 4053 tumet
758 3988 897 4053 nondum
918 3989 1053 4054 vitecula
1074 3985 1211 4072 Baccho)

357 4094 421 4158 Aut
442 4093 522 4158 inter
542 4093 646 4158 varios
667 4094 817 4156 Venerem
840 4094 991 4176 spirantia
1013 4095 1104 4158 fiores

352 4197 493 4262 Membra
514 4199 672 4263 reclinarit
693 4201 895 4281 teneramque
916 4198 1050 4264 inliserit
1072 4198 1201 4263 herbam

309 4368 341 4422 93
360 4368 394 4420 sit
411 4367 480 4436 Birt,
499 4369 525 4420 et
543 4367 611 4420 codd.
641 4366 686 4420 101
706 4366 792 4432 funde,
810 4367 875 4421 meis
892 4367 997 4436 scripsi,
1024 4367 1056 4420 de
1074 4367 1125 4421 tuis
1143 4366 1258 4434 Hermes,
1277 4365 1309 4418 de
1322 4367 1418 4423 nostris
1476 4419 1481 4430 ,
