3266 4914
691 347 896 413 ..53-

234 521 299 584 fere
322 519 410 584 libris
433 521 569 585 testibus
591 520 714 601 legitur,
743 521 787 585 ita
808 521 930 584 Naehio
952 521 1090 596 docente
1107 524 1147 603 (p.
1174 521 1354 604 117—119)

234 629 393 708 praetores
417 647 480 688 non
504 625 598 688 duces
621 624 694 687 belli
717 625 827 705 civilis,
851 625 905 689 sed
928 625 1131 707 magistratus
1154 627 1277 690 iuridici
1299 649 1356 709 pu·

233 729 324 793 tandi
357 734 440 806 sunt,
476 752 530 811 per
559 751 637 810 quos
670 729 737 810 agri
759 729 916 793 veteranis
939 730 1190 811 assignabantur.
1235 731 1354 794 Deinde

235 855 299 896 non
316 831 432 896 sufficit
448 830 534 910 mihi,
559 831 643 914 quod
666 836 825 896 asseverat
847 831 965 895 Merkel
988 832 1046 896 hos
1070 833 1131 896 183
1154 855 1262 897 versus
1285 833 1351 897 lae·

233 936 336 999 viores
367 939 400 999 et
435 934 607 998 limatiores
642 959 710 998 esse
740 939 772 998 et
801 935 1014 998 Ciceronianis
1049 939 1081 1000 et
1103 935 1299 1000 Lucretianis
1322 940 1355 1002 et

231 1038 425 1117 CatullianiS,
459 1038 513 1101 sed
548 1038 695 1102 subtilius
728 1042 764 1102 ut
792 1039 824 1100 in
854 1038 1023 1102 dictionem
1051 1043 1083 1103 et
1105 1061 1170 1102 rem
1191 1040 1354 1104 metricam

230 1142 415 1225 inquiratur,
440 1162 543 1223 posco.
586 1141 676 1220 Quod
699 1140 840 1205 facturus
863 1140 969 1204 Naeke
993 1163 1183 1224 quamquam
1201 1165 1354 1225 eousque

230 1245 371 1326 consilia,
395 1249 431 1310 ut
454 1244 567 1309 Catoni
592 1266 649 1308 suo
666 1267 754 1308 suam
771 1244 934 1332 antiquam
951 1244 1185 1326 simplicitatem
1200 1245 1352 1326 redderet,

229 1347 328 1414 multa
361 1349 511 1431 peccavit,
542 1351 648 1411 tamen
682 1369 824 1434 sermone
854 1348 1088 1411 accuratissime
1119 1349 1287 1416 observato
1315 1350 1354 1417 de

230 1455 410 1536 poematum
433 1451 692 1534 interpretatione
715 1451 797 1514 bene
820 1451 950 1516 meritus
974 1455 1030 1515 est.

331 1556 560 1632 Quaerentibus
583 1559 697 1634 autern,
722 1553 898 1620 cuiusmodi
920 1555 963 1620 sit
985 1555 1149 1638 antiqua
1172 1554 1247 1618 'illa
1269 1556 1355 1620 sirn-

228 1658 405 1742 plicitas,
428 1658 536 1722 Naelre
551 1659 638 1738 satis,
656 1680 694 1721 ne
710 1658 812 1721 dicam
829 1657 921 1722 nimis
938 1657 1029 1722 docte
1053 1658 1249 1724 demonstrat
1263 1659 1355 1740 signa

228 1763 342 1828 aetatis
360 1763 496 1846 Vergilio
522 1749 820 1827 antecedentis'esse
836 1762 937 1844 primo
952 1762 1170 1844 repetitionem
1187 1763 1354 1826 verborum

229 1866 322 1950 paulo
345 1869 419 1929 ante
441 1870 673 1948 usurpatorum,
697 1865 809 1931 deinde
828 1865 1075 1947 geminationem
1092 1866 1264 1949 epitheton,
1281 1870 1355 1949 post

228 1969 466 2039 collocationem
496 1969 662 2032 verborum
691 1990 801 2051 parum
825 1969 1036 2050 artificiosam,
1061 1973 1130 2034 tum
1152 1970 1354 2054 parenthesin

229 2077 261 2136 et
281 2072 493 2157 apostrophen
510 2072 649 2136 crebrius
665 2073 833 2152 adhibitas,
851 2072 985 2155 denique
1002 2073 1239 2139 similitudinem
1256 2096 1354 2155 quan-

230 2177 301 2238 dam
331 2175 442 2239 horum
473 2198 620 2239 versuum
650 2198 730 2257 quae
758 2176 941 2241 observetur
965 2199 1036 2241 curn
1060 2177 1263 2242 Lucretianis.
1308 2177 1354 2240 De

229 2278 419 2360 apostrophe
442 2283 474 2343 et
497 2278 676 2361 parenthesi
699 2301 769 2342 cum
793 2279 1030 2344 observationes
1054 2303 1073 2343 a
1094 2281 1216 2346 Naehio
1241 2303 1268 2363 p.
1291 2281 1353 2344 300

230 2403 298 2464 sqq.
322 2380 424 2446 factae
447 2385 503 2447 aut
525 2405 582 2446 sua
604 2387 717 2465 sponte
739 2387 795 2448 aut
817 2407 833 2447 e
855 2383 1043 2448 lectionibus
1067 2407 1150 2448 nunc
1174 2383 1353 2450 melioribus

233 2484 415 2549 iamdudum
443 2485 603 2568 neglectae
626 2487 758 2566 iaceant,
781 2487 878 2551 verba
900 2487 1058 2552 cumulare
1080 2488 1195 2552 taedet.
1241 2487 1354 2553 Verum

229 2590 396 2654 tamenetsi
426 2590 456 2652 in
492 2591 671 2655 universum
699 2591 731 2654 id
756 2591 873 2676 opponi
894 2595 1001 2674 potest
1023 2592 1191 2674 scriptores
1214 2592 1353 2656 eiusdem

229 2694 343 2757 aetatis
375 2715 436 2757 non
468 2715 576 2757 omnes
605 2717 668 2756 una
699 2694 869 2777 eademque
902 2717 1048 2758 mensura
1076 2695 1251 2760 metiendos
1275 2719 1352 2776 esse,

230 2819 445 2880 quaecumque
472 2797 534 2860 alia
563 2797 670 2861 Naeke
693 2797 731 2860 de
754 2819 897 2863 sermone
920 2798 1013 2863 huius
1036 2799 1192 2883 exposuit,
1216 2821 1352 2864 summa·

229 2902 286 2967 tim
309 2901 464 2984 hodieque
487 2904 582 2965 stant.

332 3005 433 3082 Quam
457 3003 586 3069 obrem
610 3003 642 3068 id
664 3004 800 3087 primum
823 3002 994 3082 videamus,
1018 3004 1045 3068 si
1068 3005 1179 3088 placet,
1204 3006 1354 3089 quidnam

229 3108 337 3173 Naeke
368 3109 411 3174 de
445 3109 693 3193 repetitione
726 3108 937 3173 verborum
960 3111 1001 3193 (p.
1019 3109 1080 3172 277
1097 3107 1180 3193 sqq.)
1202 3110 1352 3191 docuerit,

234 3234 295 3292 qua
318 3213 356 3276 de
380 3236 412 3276 re
435 3212 512 3276 haec
535 3213 737 3295 exscripsisse
761 3213 838 3300 satis
861 3212 976 3277 habeo:
1000 3212 1080 3277 lllud
1103 3214 1255 3295 volebam,
1280 3238 1353 3279 suas

232 3316 329 3398 ipsius
363 3316 564 3398 loquutiones
596 3315 749 3380 Catonem
786 3316 871 3380 haud
903 3339 972 3381 raro
1011 3323 1150 3400 repetere
1182 3319 1214 3381 in
1243 3319 1352 3383 eodem

233 3421 369 3484 carmine
400 3420 530 3484 diversis
561 3420 647 3498 loeis,
673 3419 723 3483 vel
749 3443 789 3483 ex
811 3442 875 3484 uno
898 3421 1035 3484 carmine
1064 3443 1222 3485 assumere
1244 3422 1277 3485 in
1305 3421 1349 3486 al-

237 3526 348 3603 terum,
379 3524 444 3587 sire
467 3524 549 3607 quod
574 3525 692 3589 oblitus
715 3527 799 3588 esset
820 3547 853 3587 se
875 3524 935 3588 hoc
958 3526 1021 3588 iarn
1050 3525 1167 3589 dixisse
1196 3525 1240 3590 ita
1267 3525 1351 3606 alibi,

232 3626 297 3688 sive
330 3647 426 3708 quum
458 3627 667 3708 meminisset,
709 3626 827 3691 nullam
858 3650 926 3692 esse
958 3628 991 3691 in
1025 3629 1211 3711 repetitione
1253 3628 1351 3692 offen-

232 3729 353 3793 sionem
386 3730 559 3795 crediderit.
624 3731 697 3795 Non
734 3731 780 3795 ita
810 3731 968 3813 Virgilius,
1006 3732 1147 3814 Ovidius,
1184 3732 1255 3796 alii:
1298 3732 1353 3815 qui

234 3854 329 3914 quum
354 3853 411 3895 sua
433 3833 558 3914 iterant,
587 3835 708 3899 maiora
729 3833 851 3899 faciunt
871 3834 1047 3914 intervalla,
1081 3838 1113 3900 et
1135 3836 1251 3900 iterant
1273 3858 1347 3899 con-

234 3935 325 4000 sulto.
358 3973 398 3980 —
427 3936 528 4000 Huius
558 3938 775 4020 neglegentiae
801 3919 956 4020 ‘exempla
990 3939 1054 4003 sint
1081 3939 1144 4002 Dir.
1175 3939 1215 4002 10
1248 3939 1353 4030 {elicio

234 4061 318 4120 rrum,
348 4040 388 4103 33
412 4039 516 4122 sclicla
537 4040 632 4124 liquo,
655 4041 697 4104 90
718 4042 794 4123 felia
815 4064 949 4120 uolnera·
981 4043 1021 4104 27
1044 4042 1201 4125 formosis,
1224 4042 1264 4105 32
1287 4043 1352 4126 [ον-

232 4165 344 4223 orosae,
375 4143 450 4226 Lyd.
475 4144 494 4206 2
521 4145 667 4228 formoso,
698 4145 738 4208 25
760 4146 936 4229 formosior,
971 4146 1012 4209 68
1034 4147 1188 4230 fornacem·
1222 4144 1286 4208 Dir.
1311 4143 1351 4208 65

232 4248 380 4331 slurrrino,
403 4247 443 4308 67
466 4247 605 4330 {taurina
616 4235 686 4318 :81
713 4250 855 4329 crr'rrn'ue,
878 4249 918 4312 82
942 4251 1094 4328 arduine,
1118 4250 1193 4332 Lyd.
1218 4249 1258 4312 22
1282 4271 1349 4312 ruo·

233 4353 356 4432 ruentia,
379 4352 420 4416 23
444 4353 570 4432 aradam
595 4354 635 4417 57
658 4354 790 4436 dubius,
812 4355 854 4417 59
876 4355 988 4434 dralcia,
1017 4354 1059 4418 00
1080 4354 1188 4432 dulcia,
1216 4353 1257 4416 65
1278 4353 1349 4416 dirl-
