3266 4914
769 335 981 412 -32--

318 537 427 605 pereas
442 520 594 602 (inomaus
607 501 704 586 Paris.
722 520 761 584 IV
783 543 906 586 nameus
927 520 957 585 h.
975 543 1000 585 e.
1025 543 1166 586 maerens
1188 516 1268 585 Med.
1286 521 1318 586 et
1332 517 1440 603 Angl.)

320 625 471 708 recipiens
493 647 631 709 qrrererrs.
670 625 777 688 Naeke
799 625 914 707 aliique
936 646 1047 689 reeens.
1092 623 1155 690 Sed
1178 625 1260 688 enim
1276 623 1381 688 nescio
1397 646 1438 687 an

318 750 427 812 pereas
450 727 527 812 (scil.
544 727 694 810 amorem)
716 729 842 792 retineri
865 729 974 811 possit,
999 732 1036 791 ut
1058 728 1215 792 sententia
1235 727 1306 791 fiat:
1323 723 1438 806 laurus,

322 854 401 914 quae
424 831 538 895 circum
561 831 696 895 frontem
718 835 804 894 tuam
823 831 926 895 cincta
941 835 1030 895 tuum
1046 852 1120 912 erga
1134 830 1287 913 Daphnen
1303 851 1440 893 amorem

321 935 402 1017 gerit
413 934 446 998 ·h.
464 957 488 998 e.
506 935 644 999 omnium
661 935 758 998 oculis
781 935 929 1014 ostendit,
952 956 1089 998 amorem
1113 935 1240 998 omnino
1261 933 1438 998 celebravit.

423 1039 467 1102 44
488 1060 533 1120 sq.
557 1039 655 1102 Poeta
671 1043 823 1120 quantum
839 1060 856 1102 e
871 1039 1031 1102 codicibus
1048 1039 1216 1120 deperditis
1231 1038 1442 1120 cognoscitur,

322 1141 398 1204 haec
421 1141 483 1205 lere
506 1141 607 1205 dicere
630 1141 743 1206 voluit:
768 1142 923 1223 siquidem
945 1165 990 1222 ea,
1015 1164 1094 1224 quae
1117 1143 1155 1205 de
1177 1142 1288 1224 puellis
1311 1141 1439 1204 deorum

324 1250 379 1308 aut
408 1245 440 1308 in
476 1245 603 1308 arbores
634 1245 796 1331 plantasve
833 1246 991 1309 conversis
1024 1249 1079 1308 aut
1107 1245 1188 1309 inter
1210 1246 1311 1309 sidera
1333 1244 1440 1308 relatis

323 1348 498 1428 narrantur,
521 1349 587 1411 non'
606 1371 688 1412 vana
709 1351 793 1429 sunt,
818 1369 925 1412 omnes
948 1346 1007 1429 dei,
1031 1349 1145 1429 quibus
1165 1354 1250 1412 serta
1265 1352 1320 1412 aut
1335 1347 1437 1410 sidera

324 1474 412 1515 sacra
445 1456 527 1532 sunt,
561 1473 698 1516 amorem
731 1444 975 1516 celebraverunt.
1035 1452 1069 1515 ld
1091 1453 1141 1515 his
1163 1451 1226 1515 fere
1259 1451 1362 1515 verbis
1385 1473 1440 1512 ex-

324 1556 452 1638 pressit:
487 1577 624 1619 amorem
656 1555 892 1618 celebraverunt
927 1555 1051 1637 gaudia,
1089 1577 1169 1637 quae
1197 1555 1328 1639 quisque
1361 1554 1438 1616 deus

323 1663 378 1723 aut
407 1680 528 1742 semper
565 1680 671 1722 secum
702 1681 758 1722 sua
790 1662 894 1740 gestat
925 1662 982 1722 aut
1012 1659 1044 1720 in
1081 1658 1167 1721 caelo
1199 1680 1307 1740 sparsa
1343 1657 1437 1721 videt.

323 1760 550 1844 Haec'gaudia
576 1761 681 1824 stellas
710 1783 777 1824 esse
806 1762 884 1826 satis
906 1761 1016 1840 elucet,
1048 1761 1101 1824 illa
1123 1760 1250 1825 arbores
1272 1762 1435 1844 plantasve

322 1889 390 1928 esse
412 1866 456 1928 sic
478 1886 542 1928 non
564 1870 700 1947 apparet.
745 1865 844 1952 Quam
868 1864 909 1928 ob
932 1887 997 1928 rem
1019 1888 1089 1929 cum
1112 1865 1145 1928 in
1168 1888 1195 1930 v.
1212 1866 1254 1928 44
1268 1867 1357 1928 siluis
1371 1869 1435 1930 tra·

323 1970 424 2033 ditum
449 1969 500 2048 sit,
533 1973 604 2032 veto
635 1973 668 2032 et
696 1969 810 2032 vetabo
835 1964 893 2051 ‘per
914 1969 1007 2031 vilem
1029 1969 1240 2033 coniecturam
1263 1968 1331 2032 tolli
1354 1991 1440 2032 men-

323 2074 441 2135 tionem
464 2072 620 2150 silvarum‚
644 2093 722 2154 quae
745 2073 880 2135 maxime
903 2072 1078 2135 necessaria
1100 2076 1156 2137 est.
1200 2072 1325 2136 Etenim
1348 2074 1375 2136 si
1391 2095 1441 2135 me

324 2175 402 2239 duee
424 2175 468 2238 nil
490 2175 551 2238 nisi
572 2197 625 2239 cos
647 2176 679 2238 in
698 2176 748 2239 dis
771 2175 950 2254 mutaveris
974 2176 1110 2240 remedio
1138 2177 1277 2240 omnium
1292 2175 1441 2240 facillimo

251 2305 252 2308 ¹
324 2279 466 2342 adhibito
489 2282 686 2361 expectatam
708 2279 897 2342 sententiam
919 2278 1037 2342 reficies
1060 2279 1104 2342 m
1118 2301 1197 2362 quim
1220 2280 1297 2362 (scil.
1314 2278 1442 2362 gaudia)

322 2404 439 2466 poropu
460 2383 554 2446 (ledor
576 2383 655 2464 (arim
674 2383 762 2446 siluis
783 2382 873 2465 sarno
896 2384 997 2446 bercta
1026 2389 1087 2447 est:
1124 2383 1241 2447 Omnia
1263 2383 1312 2446 dr's
1334 2382 1439 2465 estisll

323 2508 428 2550 seeum
449 2507 510 2548 saro
527 2486 645 2568 paedia
664 2491 760 2568 pastui
782 2488 850 2549 Aut
870 2487 1018 2569 insparsa
1034 2487 1114 2550 voret
1128 2488 1247 2550 orrurdo
1262 2508 1325 2568 eqs.
1359 2486 1442 2549 Haec

324 2590 421 2671 igitur
455 2589 612 2652 sententia
640 2592 689 2652 est
721 2589 947 2652 enuntiationis
976 2588 1182 2652 intercalaris:
1211 2589 1272 2652 nisi
1295 2610 1350 2671 pro
1374 2589 1439 2652 deis

326 2693 402 2775 ipsis
418 2713 499 2756 vana
515 2690 598 2754 fama
613 2690 699 2778 silvis
722 2690 803 2754 dixit
826 2691 891 2754 deis
914 2690 982 2754 illas
1005 2713 1072 2754 esse
1093 2692 1209 2778 omnia.
1248 2692 1346 2756 Velim
1369 2715 1442 2756 con-

325 2797 407 2860 feras
434 2796 471 2859 de
508 2795 576 2858 loco
606 2795 697 2877 Prop.
728 2793 742 2856 l
769 2793 818 2871 18,
848 2795 887 2857 19
908 2817 953 2877 sq.
994 2795 1053 2859 Vos
1079 2796 1164 2859 erilis
1189 2797 1338 2874 testeam
1365 2817 1442 2880 qrros

325 2900 527 2965 lacerarer
551 2919 680 2979 amores,
705 2898 813 2981 Papus
841 2904 868 2962 et
900 2899 1035 2964 Arcadio
1060 2900 1163 2983 pinus
1193 2901 1297 2964 amica
1325 2902 1379 2964 deo
1411 2885 1470 2964 et*

325 3000 447 3068 Nemes.
471 3004 526 3066 ecl.
553 3002 593 3065 IV
611 3002 652 3065 29
675 3001 841 3084 (Venerem
862 3001 993 3085 sensere)
1016 3003 1059 3067 m
1079 3009 1229 3068 arorites
1249 3005 1443 3088 siluaeque

325 3129 398 3172 seros
420 3107 509 3170 habet
528 3106 620 3169 orbor
640 3126 768 3183 acriores,
792 3109 886 3186 atque
909 3105 947 3168 de
970 3127 1111 3170 sermone
1133 3108 1242 3171 cmrrr'a
1263 3109 1361 3172 clami
1381 3131 1443 3172 csse

326 3212 391 3275 lriv.
415 3211 469 3274 XL
493 3212 530 3273 11
555 3211 734 3274 Demetrias
760 3210 801 3272 iis
829 3231 916 3273 aruris
944 3211 1053 3273 onznia
1075 3216 1118 3274 esi
1143 3215 1175 3274 et
1196 3210 1362 3276 Ovid·her.
1386 3213 1443 3276 XII

328 3316 388 3380 162
411 3315 468 3399 qui
487 3315 577 3379 uobis
598 3316 708 3378 omnia
728 3315 812 3377 solus
834 3319 907 3378 erat.
954 3312 1099 3378 Ceterum
1120 3315 1209 3378 oleru
1231 3337 1293 3379 non
1316 3314 1357 3379 ob
1374 3339 1442 3380 eam

327 3424 451 3485 tantum
474 3441 600 3484 causam
622 3418 749 3482 retineri
771 3439 896 3482 necesse
919 3421 976 3496 est,
992 3415 1074 3500 ¹quia
1096 3417 1185 3482 aliter
1200 3419 1286 3500 prius
1302 3441 1443 3484 amorum

327 3524 507 3588 caelestium
529 3545 628 3606 genus
643 3522 696 3586 vix
718 3525 801 3585 recte
823 3521 1031 3603 cognoscitur,
1054 3521 1118 3602 sed,
1141 3522 1172 3585 id
1189 3523 1271 3606 quod
1287 3545 1443 3589 summum

329 3633 386 3708 est,
421 3627 557 3692 secunda
585 3647 727 3708 persona,
760 3647 840 3707 quae
870 3625 903 3687 in
933 3625 1029 3688 verbo
1059 3625 1131 3689 estis
1156 3625 1298 3704 habetur,
1329 3627 1373 3690 nil
1395 3632 1442 3692 est

328 3753 390 3814 quo
412 3734 546 3813 spectet3
580 3750 652 3793 nam
683 3749 754 3792 cum
787 3727 895 3792 omnio
922 3749 984 3791 vox
1013 3727 1188 3792 subiectum
1216 3729 1442 3794 enuntiationis

328 3823 396 3900 esse
429 3835 515 3899 nullo
544 3834 638 3898 modo
671 3833 780 3916 possit,
814 3832 951 3896 secunda
972 3853 1115 3914 persona,
1148 3853 1227 3914 quae
1254 3833 1349 3897 verbo
1372 3835 1443 3898 estis

321 3939 531 4026 significetur,
554 3960 618 4002 non
641 3940 689 4001 est
710 3936 772 4000 nisi
794 3936 899 4015 silvae,
923 3936 962 3999 ad
986 3957 1063 4018 quas
1084 3935 1134 3998 dei
1149 3936 1224 3999 olim
1238 3936 1336 4001 locuti
1352 3942 1440 4002 sunt:

329 4044 442 4122 omnia,
466 4042 570 4121 silvae,
594 4040 685 4104 nobis
709 4039 793 4103 estis.
838 4037 980 4120 Denique
1002 4038 1088 4102 locus
1111 4038 1225 4121 quibus
1248 4039 1441 4105 difficultati-

328 4147 388 4210 bus
410 4148 576 4228 prematur‚
600 4142 776 4206 ostenditur·
797 4161 912 4223 pompa
933 4140 987 4204 illa
1009 4141 1259 4222 quattuordecim
1282 4143 1439 4228 coniectu-

328 4272 431 4313 rarum
454 4272 472 4312 a
494 4248 652 4329 Scaligero
674 4267 773 4328 usque
795 4246 835 4308 ad
858 4245 1090 4309 Rothsteinium
1113 4251 1341 4311 concoctarum.
1392 4227 1439 4311 lta

328 4351 498 4437 probabile,
521 4373 585 4414 non
607 4353 726 4414 rectum
747 4369 797 4411 me
820 4348 976 4412 invenisse
999 4348 1131 4412 confido.
