<?xml version="1.0" encoding="UTF-8"?>
<!DOCTYPE html PUBLIC "-//W3C//DTD XHTML 1.0 Transitional//EN"
    "http://www.w3.org/TR/xhtml1/DTD/xhtml1-transitional.dtd">
<html xmlns="http://www.w3.org/1999/xhtml" xml:lang="en" lang="en">
 <head>
  <title>
</title>
<meta http-equiv="Content-Type" content="text/html;charset=utf-8" />
  <meta name='ocr-system' content='tesseract 3.04.00' />
  <meta name='ocr-capabilities' content='ocr_page ocr_carea ocr_par ocr_line ocrx_word'/>
</head>
<body>
  <div class='ocr_page' id='page_1' title='image "./devaleriocatone00eskugoog_0064.png"; bbox 0 0 3266 4914; ppageno 0'>
   <div class='ocr_carea' id='block_1_1' title="bbox 686 365 899 429">
    <p class='ocr_par' dir='ltr' id='par_1_1' title="bbox 686 365 899 429">
     <span class='ocr_line' id='line_1_1' title="bbox 686 365 899 429; baseline -0.005 -18"><span class='ocrx_word' id='word_1_1' title='bbox 686 365 899 429; x_wconf 64' lang='lat'><strong>..57-</strong></span> 
     </span>
    </p>
   </div>
   <div class='ocr_carea' id='block_1_2' title="bbox 220 533 1424 3736">
    <p class='ocr_par' dir='ltr' id='par_1_2' title="bbox 220 533 1351 1242">
     <span class='ocr_line' id='line_1_2' title="bbox 226 533 1348 622; baseline -0.006 -16"><span class='ocrx_word' id='word_1_2' title='bbox 226 565 300 607; x_wconf 85' lang='lat' dir='ltr'>cnrn</span> <span class='ocrx_word' id='word_1_3' title='bbox 335 539 516 605; x_wconf 91' lang='lat' dir='ltr'>coniunctio</span> <span class='ocrx_word' id='word_1_4' title='bbox 550 543 598 603; x_wconf 90' lang='lat' dir='ltr'>ter</span> <span class='ocrx_word' id='word_1_5' title='bbox 629 560 693 602; x_wconf 96' lang='lat' dir='ltr'>non</span> <span class='ocrx_word' id='word_1_6' title='bbox 726 540 759 602; x_wconf 94' lang='lat' dir='ltr'>in</span> <span class='ocrx_word' id='word_1_7' title='bbox 791 539 893 622; x_wconf 88' lang='lat' dir='ltr'>capite</span> <span class='ocrx_word' id='word_1_8' title='bbox 927 539 1102 603; x_wconf 85' lang='lat' dir='ltr'>sententiae</span> <span class='ocrx_word' id='word_1_9' title='bbox 1143 541 1257 616; x_wconf 84' lang='lat' dir='ltr'>exstat,</span> <span class='ocrx_word' id='word_1_10' title='bbox 1294 533 1348 600; x_wconf 89' lang='lat' dir='ltr'>sed</span> 
     </span>
     <span class='ocr_line' id='line_1_3' title="bbox 226 641 1347 725; baseline -0.004 -16"><span class='ocrx_word' id='word_1_11' title='bbox 226 647 304 710; x_wconf 81' lang='lat' dir='ltr'>satis</span> <span class='ocrx_word' id='word_1_12' title='bbox 328 645 466 708; x_wconf 74' lang='lat' dir='ltr'><strong>suaviter</strong></span> <span class='ocrx_word' id='word_1_13' title='bbox 488 643 582 706; x_wconf 88' lang='lat' dir='ltr'>tertio</span> <span class='ocrx_word' id='word_1_14' title='bbox 605 642 673 706; x_wconf 90' lang='lat' dir='ltr'>loco</span> <span class='ocrx_word' id='word_1_15' title='bbox 696 642 760 706; x_wconf 89' lang='lat' dir='ltr'>Dir.</span> <span class='ocrx_word' id='word_1_16' title='bbox 784 644 835 721; x_wconf 86' lang='lat'>31,</span> <span class='ocrx_word' id='word_1_17' title='bbox 859 647 971 725; x_wconf 89' lang='lat' dir='ltr'>quarto</span> <span class='ocrx_word' id='word_1_18' title='bbox 987 643 1061 724; x_wconf 81' lang='lat' dir='ltr'>Lyd.</span> <span class='ocrx_word' id='word_1_19' title='bbox 1079 645 1129 722; x_wconf 79' lang='lat'>47,</span> <span class='ocrx_word' id='word_1_20' title='bbox 1146 643 1257 724; x_wconf 83' lang='lat' dir='ltr'>quinto</span> <span class='ocrx_word' id='word_1_21' title='bbox 1273 641 1347 704; x_wconf 85' lang='lat' dir='ltr'><strong>ibid.</strong></span> 
     </span>
     <span class='ocr_line' id='line_1_4' title="bbox 226 745 1350 834; baseline -0.004 -22"><span class='ocrx_word' id='word_1_22' title='bbox 226 750 276 812; x_wconf 83' lang='lat'>39.</span> <span class='ocrx_word' id='word_1_23' title='bbox 300 749 346 811; x_wconf 86' lang='lat' dir='ltr'>Ne</span> <span class='ocrx_word' id='word_1_24' title='bbox 363 748 497 834; x_wconf 84' lang='lat' dir='ltr'>denique</span> <span class='ocrx_word' id='word_1_25' title='bbox 513 746 766 811; x_wconf 79' lang='lat' dir='ltr'>coniunctionem</span> <span class='ocrx_word' id='word_1_26' title='bbox 781 747 867 810; x_wconf 72' lang='lat' dir='ltr'>cerina</span> <span class='ocrx_word' id='word_1_27' title='bbox 890 745 953 810; x_wconf 87' lang='lat' dir='ltr'>Dir.</span> <span class='ocrx_word' id='word_1_28' title='bbox 971 769 998 809; x_wconf 92' lang='lat' dir='ltr'>v.</span> <span class='ocrx_word' id='word_1_29' title='bbox 1017 747 1078 811; x_wconf 86' lang='lat'>103</span> <span class='ocrx_word' id='word_1_30' title='bbox 1100 747 1194 810; x_wconf 88' lang='lat' dir='ltr'>tertio</span> <span class='ocrx_word' id='word_1_31' title='bbox 1210 746 1278 809; x_wconf 93' lang='lat' dir='ltr'>loco</span> <span class='ocrx_word' id='word_1_32' title='bbox 1296 766 1350 826; x_wconf 92' lang='lat' dir='ltr'>po-</span> 
     </span>
     <span class='ocr_line' id='line_1_5' title="bbox 225 847 1351 933; baseline -0.004 -18"><span class='ocrx_word' id='word_1_33' title='bbox 225 852 319 915; x_wconf 83' lang='lat' dir='ltr'>sitam</span> <span class='ocrx_word' id='word_1_34' title='bbox 335 851 488 930; x_wconf 89' lang='lat' dir='ltr'>omittam,</span> <span class='ocrx_word' id='word_1_35' title='bbox 503 849 586 931; x_wconf 91' lang='lat' dir='ltr'>quod</span> <span class='ocrx_word' id='word_1_36' title='bbox 602 849 677 932; x_wconf 89' lang='lat' dir='ltr'>Lyd.</span> <span class='ocrx_word' id='word_1_37' title='bbox 696 850 742 912; x_wconf 19' lang='lat'>12*</span> <span class='ocrx_word' id='word_1_38' title='bbox 752 871 887 933; x_wconf 80' lang='lat' dir='ltr'>numque</span> <span class='ocrx_word' id='word_1_39' title='bbox 902 850 1087 932; x_wconf 77' lang='lat' dir='ltr'><strong>particulam</strong></span> <span class='ocrx_word' id='word_1_40' title='bbox 1102 849 1239 914; x_wconf 86' lang='lat' dir='ltr'>secundo</span> <span class='ocrx_word' id='word_1_41' title='bbox 1256 847 1351 912; x_wconf 93' lang='lat' dir='ltr'>collo-</span> 
     </span>
     <span class='ocr_line' id='line_1_6' title="bbox 225 951 1349 1034; baseline -0.004 -16"><span class='ocrx_word' id='word_1_42' title='bbox 225 955 318 1033; x_wconf 89' lang='lat' dir='ltr'>cavit,</span> <span class='ocrx_word' id='word_1_43' title='bbox 350 953 532 1017; x_wconf 82' lang='lat' dir='ltr'>Lachmann</span> <span class='ocrx_word' id='word_1_44' title='bbox 564 953 603 1014; x_wconf 86' lang='lat' dir='ltr'>ad</span> <span class='ocrx_word' id='word_1_45' title='bbox 636 953 759 1017; x_wconf 89' lang='lat' dir='ltr'>Lucret.</span> <span class='ocrx_word' id='word_1_46' title='bbox 783 951 822 1016; x_wconf 90' lang='lat' dir='ltr'>lV</span> <span class='ocrx_word' id='word_1_47' title='bbox 845 953 908 1016; x_wconf 88' lang='grc'>604</span> <span class='ocrx_word' id='word_1_48' title='bbox 938 953 1118 1017; x_wconf 74' lang='lat' dir='ltr'>adnotavit:</span> <span class='ocrx_word' id='word_1_49' title='bbox 1151 975 1254 1034; x_wconf 87' lang='lat' dir='ltr'>neque</span> <span class='ocrx_word' id='word_1_50' title='bbox 1276 956 1349 1016; x_wconf 88' lang='lat' dir='ltr'>ante</span> 
     </span>
     <span class='ocr_line' id='line_1_7' title="bbox 220 1056 1350 1140; baseline -0.004 -19"><span class='ocrx_word' id='word_1_51' title='bbox 220 1057 383 1123; x_wconf 40' lang='lat' dir='ltr'>&gt;Catullum</span> <span class='ocrx_word' id='word_1_52' title='bbox 413 1056 581 1138; x_wconf 83' lang='lat' dir='ltr'>Vergilium</span> <span class='ocrx_word' id='word_1_53' title='bbox 604 1057 770 1120; x_wconf 76' lang='lat' dir='ltr'>Horatium</span> <span class='ocrx_word' id='word_1_54' title='bbox 801 1079 880 1120; x_wconf 83' lang='lat' dir='ltr'>nam</span> <span class='ocrx_word' id='word_1_55' title='bbox 906 1057 1160 1121; x_wconf 89' lang='lat' dir='ltr'>coniunctionem</span> <span class='ocrx_word' id='word_1_56' title='bbox 1183 1057 1350 1140; x_wconf 91' lang='lat' dir='ltr'>quisquam</span> 
     </span>
     <span class='ocr_line' id='line_1_8' title="bbox 225 1159 1186 1242; baseline 0 -18"><span class='ocrx_word' id='word_1_57' title='bbox 225 1160 301 1225; x_wconf 89' lang='lat' dir='ltr'>alibi</span> <span class='ocrx_word' id='word_1_58' title='bbox 323 1183 417 1242; x_wconf 89' lang='lat' dir='ltr'>quarn</span> <span class='ocrx_word' id='word_1_59' title='bbox 437 1161 472 1223; x_wconf 87' lang='lat' dir='ltr'>in</span> <span class='ocrx_word' id='word_1_60' title='bbox 495 1160 563 1242; x_wconf 92' lang='lat' dir='ltr'>ipso</span> <span class='ocrx_word' id='word_1_61' title='bbox 587 1160 761 1223; x_wconf 81' lang='lat' dir='ltr'>sententiae</span> <span class='ocrx_word' id='word_1_62' title='bbox 785 1160 875 1223; x_wconf 90' lang='lat' dir='ltr'>initio</span> <span class='ocrx_word' id='word_1_63' title='bbox 898 1161 1038 1242; x_wconf 82' lang='lat' dir='ltr'>posuerit</span> <span class='ocrx_word' id='word_1_64' title='bbox 1063 1159 1083 1241; x_wconf 89' lang='lat'>).</span> <span class='ocrx_word' id='word_1_65' title='bbox 1184 1228 1186 1231; x_wconf 67' lang='grc'><strong>,</strong></span> 
     </span>
    </p>

    <p class='ocr_par' dir='ltr' id='par_1_3' title="bbox 222 1263 1424 2693">
     <span class='ocr_line' id='line_1_9' title="bbox 326 1263 1348 1346; baseline -0.003 -18"><span class='ocrx_word' id='word_1_66' title='bbox 326 1265 490 1328; x_wconf 85' lang='lat' dir='ltr'>Postremo</span> <span class='ocrx_word' id='word_1_67' title='bbox 526 1267 626 1327; x_wconf 85' lang='lat' dir='ltr'>artem</span> <span class='ocrx_word' id='word_1_68' title='bbox 657 1264 763 1326; x_wconf 81' lang='lat' dir='ltr'>nostri</span> <span class='ocrx_word' id='word_1_69' title='bbox 790 1268 902 1345; x_wconf 90' lang='lat' dir='ltr'>poetae</span> <span class='ocrx_word' id='word_1_70' title='bbox 933 1265 1075 1346; x_wconf 85' lang='lat' dir='ltr'>proxime</span> <span class='ocrx_word' id='word_1_71' title='bbox 1098 1263 1138 1326; x_wconf 90' lang='lat' dir='ltr'>ad</span> <span class='ocrx_word' id='word_1_72' title='bbox 1171 1263 1348 1344; x_wconf 84' lang='lat' dir='ltr'>Augusteos</span> 
     </span>
     <span class='ocr_line' id='line_1_10' title="bbox 223 1367 1349 1450; baseline -0.003 -20"><span class='ocrx_word' id='word_1_73' title='bbox 223 1368 369 1433; x_wconf 88' lang='lat' dir='ltr'>accedere</span> <span class='ocrx_word' id='word_1_74' title='bbox 385 1368 479 1431; x_wconf 89' lang='lat' dir='ltr'>etiam</span> <span class='ocrx_word' id='word_1_75' title='bbox 503 1390 542 1430; x_wconf 88' lang='lat' dir='ltr'>re</span> <span class='ocrx_word' id='word_1_76' title='bbox 565 1367 774 1450; x_wconf 88' lang='lat' dir='ltr'>prosodica</span> <span class='ocrx_word' id='word_1_77' title='bbox 796 1368 1033 1449; x_wconf 90' lang='lat' dir='ltr'>comprobatur:</span> <span class='ocrx_word' id='word_1_78' title='bbox 1057 1390 1169 1449; x_wconf 88' lang='lat' dir='ltr'>nempe</span> <span class='ocrx_word' id='word_1_79' title='bbox 1204 1367 1349 1430; x_wconf 70' lang='lat' dir='ltr'>elisiones</span> 
     </span>
     <span class='ocr_line' id='line_1_11' title="bbox 223 1469 1350 1554; baseline -0.003 -19"><span class='ocrx_word' id='word_1_80' title='bbox 223 1473 256 1535; x_wconf 92' lang='lat' dir='ltr'>in</span> <span class='ocrx_word' id='word_1_81' title='bbox 271 1472 335 1536; x_wconf 90' lang='lat' dir='ltr'>Dir.</span> <span class='ocrx_word' id='word_1_82' title='bbox 353 1473 371 1534; x_wconf 81' lang='grc'><strong>7</strong></span> <span class='ocrx_word' id='word_1_83' title='bbox 388 1473 483 1536; x_wconf 81' lang='lat' dir='ltr'>libero</span> <span class='ocrx_word' id='word_1_84' title='bbox 497 1492 606 1550; x_wconf 80' lang='lat' dir='ltr'>acerra,</span> <span class='ocrx_word' id='word_1_85' title='bbox 628 1471 670 1534; x_wconf 82' lang='lat'>45</span> <span class='ocrx_word' id='word_1_86' title='bbox 693 1471 797 1554; x_wconf 81' lang='lat' dir='ltr'>enrpr&#39;o</span> <span class='ocrx_word' id='word_1_87' title='bbox 819 1473 938 1554; x_wconf 65' lang='lat' dir='ltr'>ugellus</span> <span class='ocrx_word' id='word_1_88' title='bbox 961 1471 1002 1534; x_wconf 88' lang='grc'>65</span> <span class='ocrx_word' id='word_1_89' title='bbox 1017 1472 1157 1554; x_wconf 75' lang='lat' dir='ltr'>flurrrt&#39;nu</span> <span class='ocrx_word' id='word_1_90' title='bbox 1172 1471 1284 1546; x_wconf 81' lang='lat' dir='ltr'>amr&#39;co,</span> <span class='ocrx_word' id='word_1_91' title='bbox 1308 1469 1350 1533; x_wconf 89' lang='lat'>80</span> 
     </span>
     <span class='ocr_line' id='line_1_12' title="bbox 222 1573 1350 1664; baseline -0.003 -25"><span class='ocrx_word' id='word_1_92' title='bbox 222 1577 344 1639; x_wconf 84' lang='lat' dir='ltr'>adreno</span> <span class='ocrx_word' id='word_1_93' title='bbox 365 1580 479 1664; x_wconf 79' lang='lat' dir='ltr'>erutor,</span> <span class='ocrx_word' id='word_1_94' title='bbox 504 1574 545 1638; x_wconf 81' lang='lat'>98</span> <span class='ocrx_word' id='word_1_95' title='bbox 570 1575 810 1656; x_wconf 66' lang='lat' dir='ltr'>cunicarnam,</span> <span class='ocrx_word' id='word_1_96' title='bbox 833 1573 909 1655; x_wconf 79' lang='lat' dir='ltr'>Lyd.</span> <span class='ocrx_word' id='word_1_97' title='bbox 927 1575 1098 1658; x_wconf 66' lang='lat' dir='ltr'>repuncta</span> <span class='ocrx_word' id='word_1_98' title='bbox 1113 1575 1350 1638; x_wconf 68' lang='lat' dir='ltr'>laceramine</span> 
     </span>
     <span class='ocr_line' id='line_1_13' title="bbox 224 1677 1348 1760; baseline -0.002 -19"><span class='ocrx_word' id='word_1_99' title='bbox 224 1700 414 1760; x_wconf 89' lang='lat' dir='ltr'>magnopere</span> <span class='ocrx_word' id='word_1_100' title='bbox 437 1678 602 1742; x_wconf 81' lang='lat' dir='ltr'>offendunt</span> <span class='ocrx_word' id='word_1_101' title='bbox 624 1700 779 1741; x_wconf 87' lang='lat' dir='ltr'>concursu</span> <span class='ocrx_word' id='word_1_102' title='bbox 802 1677 934 1741; x_wconf 91' lang='lat' dir='ltr'>duarum</span> <span class='ocrx_word' id='word_1_103' title='bbox 955 1700 976 1741; x_wconf 87' lang='lat' dir='ltr'>o</span> <span class='ocrx_word' id='word_1_104' title='bbox 997 1679 1177 1742; x_wconf 78' lang='lat' dir='ltr'>vocalium?</span> <span class='ocrx_word' id='word_1_105' title='bbox 1210 1678 1348 1752; x_wconf 84' lang='lat' dir='ltr'>Minime,</span> 
     </span>
     <span class='ocr_line' id='line_1_14' title="bbox 225 1782 1348 1864; baseline -0.001 -18"><span class='ocrx_word' id='word_1_106' title='bbox 225 1788 262 1848; x_wconf 91' lang='lat' dir='ltr'>ut</span> <span class='ocrx_word' id='word_1_107' title='bbox 285 1783 316 1846; x_wconf 91' lang='lat' dir='ltr'>id</span> <span class='ocrx_word' id='word_1_108' title='bbox 339 1783 490 1846; x_wconf 91' lang='lat' dir='ltr'>indicium</span> <span class='ocrx_word' id='word_1_109' title='bbox 513 1783 589 1846; x_wconf 91' lang='lat' dir='ltr'>artis</span> <span class='ocrx_word' id='word_1_110' title='bbox 612 1782 784 1864; x_wconf 79' lang='lat' dir='ltr'>perpolitae</span> <span class='ocrx_word' id='word_1_111' title='bbox 808 1804 876 1845; x_wconf 88' lang='lat' dir='ltr'>esse</span> <span class='ocrx_word' id='word_1_112' title='bbox 899 1805 1068 1863; x_wconf 79' lang='lat' dir='ltr'>sumamus,</span> <span class='ocrx_word' id='word_1_113' title='bbox 1104 1783 1253 1846; x_wconf 83' lang='lat' dir='ltr'>admonet</span> <span class='ocrx_word' id='word_1_114' title='bbox 1274 1782 1348 1845; x_wconf 89' lang='lat' dir='ltr'>Luc.</span> 
     </span>
     <span class='ocr_line' id='line_1_15' title="bbox 223 1886 1349 1970; baseline -0.003 -19"><span class='ocrx_word' id='word_1_115' title='bbox 223 1887 353 1951; x_wconf 84' lang='lat' dir='ltr'>Mueller</span> <span class='ocrx_word' id='word_1_116' title='bbox 383 1887 415 1949; x_wconf 94' lang='lat' dir='ltr'>in</span> <span class='ocrx_word' id='word_1_117' title='bbox 450 1886 562 1968; x_wconf 88' lang='lat' dir='ltr'>operis,</span> <span class='ocrx_word' id='word_1_118' title='bbox 598 1887 682 1968; x_wconf 92' lang='lat' dir='ltr'>quod</span> <span class='ocrx_word' id='word_1_119' title='bbox 710 1886 748 1949; x_wconf 91' lang='lat' dir='ltr'>de</span> <span class='ocrx_word' id='word_1_120' title='bbox 770 1909 803 1950; x_wconf 92' lang='lat' dir='ltr'>re</span> <span class='ocrx_word' id='word_1_121' title='bbox 825 1886 955 1950; x_wconf 86' lang='lat' dir='ltr'>metrica</span> <span class='ocrx_word' id='word_1_122' title='bbox 987 1891 1151 1970; x_wconf 83' lang='lat' dir='ltr'>poetarum</span> <span class='ocrx_word' id='word_1_123' title='bbox 1180 1887 1349 1950; x_wconf 86' lang='lat' dir='ltr'>latinorum</span> 
     </span>
     <span class='ocr_line' id='line_1_16' title="bbox 226 1989 1350 2073; baseline -0.001 -20"><span class='ocrx_word' id='word_1_124' title='bbox 226 1991 360 2073; x_wconf 81' lang='lat' dir='ltr'>scripsit,</span> <span class='ocrx_word' id='word_1_125' title='bbox 384 2013 454 2072; x_wconf 89' lang='lat' dir='ltr'>pag.</span> <span class='ocrx_word' id='word_1_126' title='bbox 473 1990 551 2054; x_wconf 83' lang='lat'><strong>291:</strong></span> <span class='ocrx_word' id='word_1_127' title='bbox 585 1990 792 2054; x_wconf 89' lang='lat' dir='ltr'>notandumst</span> <span class='ocrx_word' id='word_1_128' title='bbox 812 1989 967 2072; x_wconf 91' lang='lat' dir='ltr'>plerisque</span> <span class='ocrx_word' id='word_1_129' title='bbox 992 1996 1156 2055; x_wconf 90' lang='lat' dir='ltr'>auctorum</span> <span class='ocrx_word' id='word_1_130' title='bbox 1178 1990 1350 2073; x_wconf 85' lang='lat' dir='ltr'>pyrrhichi-</span> 
     </span>
     <span class='ocr_line' id='line_1_17' title="bbox 222 2093 1350 2176; baseline 0 -20"><span class='ocrx_word' id='word_1_131' title='bbox 222 2117 279 2157; x_wconf 89' lang='lat' dir='ltr'>aca</span> <span class='ocrx_word' id='word_1_132' title='bbox 310 2098 366 2158; x_wconf 84' lang='lat' dir='ltr'>aut</span> <span class='ocrx_word' id='word_1_133' title='bbox 400 2094 553 2176; x_wconf 84' lang='lat' dir='ltr'>dactylica</span> <span class='ocrx_word' id='word_1_134' title='bbox 575 2093 607 2156; x_wconf 93' lang='lat' dir='ltr'>in</span> <span class='ocrx_word' id='word_1_135' title='bbox 631 2116 649 2156; x_wconf 91' lang='lat' dir='ltr'>a</span> <span class='ocrx_word' id='word_1_136' title='bbox 672 2093 821 2157; x_wconf 84' lang='lat' dir='ltr'>exeuntia</span> <span class='ocrx_word' id='word_1_137' title='bbox 843 2098 966 2176; x_wconf 92' lang='lat' dir='ltr'>praeter</span> <span class='ocrx_word' id='word_1_138' title='bbox 988 2094 1116 2158; x_wconf 90' lang='lat' dir='ltr'>nomina</span> <span class='ocrx_word' id='word_1_139' title='bbox 1139 2095 1264 2176; x_wconf 91' lang='lat' dir='ltr'>propria</span> <span class='ocrx_word' id='word_1_140' title='bbox 1286 2116 1350 2157; x_wconf 92' lang='lat' dir='ltr'>non</span> 
     </span>
     <span class='ocr_line' id='line_1_18' title="bbox 223 2196 1348 2280; baseline 0 -20"><span class='ocrx_word' id='word_1_141' title='bbox 223 2197 325 2279; x_wconf 87' lang='lat' dir='ltr'>iugari</span> <span class='ocrx_word' id='word_1_142' title='bbox 347 2219 418 2260; x_wconf 92' lang='lat' dir='ltr'>cum</span> <span class='ocrx_word' id='word_1_143' title='bbox 441 2196 530 2260; x_wconf 93' lang='lat' dir='ltr'>brevi</span> <span class='ocrx_word' id='word_1_144' title='bbox 551 2196 613 2259; x_wconf 88' lang='lat' dir='ltr'>nisi</span> <span class='ocrx_word' id='word_1_145' title='bbox 636 2200 692 2260; x_wconf 86' lang='lat' dir='ltr'>aut</span> <span class='ocrx_word' id='word_1_146' title='bbox 713 2196 745 2258; x_wconf 94' lang='lat' dir='ltr'>in</span> <span class='ocrx_word' id='word_1_147' title='bbox 769 2197 870 2278; x_wconf 89' lang='lat' dir='ltr'>prima</span> <span class='ocrx_word' id='word_1_148' title='bbox 892 2197 965 2260; x_wconf 89' lang='lat' dir='ltr'>sede</span> <span class='ocrx_word' id='word_1_149' title='bbox 987 2220 1096 2262; x_wconf 89' lang='lat' dir='ltr'>versus</span> <span class='ocrx_word' id='word_1_150' title='bbox 1119 2202 1174 2263; x_wconf 87' lang='lat' dir='ltr'>aut</span> <span class='ocrx_word' id='word_1_151' title='bbox 1196 2202 1348 2280; x_wconf 87' lang='lat' dir='ltr'>sequente</span> 
     </span>
     <span class='ocr_line' id='line_1_19' title="bbox 224 2283 1424 2383; baseline 0.003 -21"><span class='ocrx_word' id='word_1_152' title='bbox 224 2301 317 2366; x_wconf 91' lang='lat' dir='ltr'>etiam</span> <span class='ocrx_word' id='word_1_153' title='bbox 341 2322 368 2377; x_wconf 93' lang='lat' dir='ltr'>a,</span> <span class='ocrx_word' id='word_1_154' title='bbox 403 2321 536 2383; x_wconf 89' lang='lat' dir='ltr'>quorum</span> <span class='ocrx_word' id='word_1_155' title='bbox 568 2300 598 2363; x_wconf 92' lang='lat' dir='ltr'>in</span> <span class='ocrx_word' id='word_1_156' title='bbox 631 2322 761 2363; x_wconf 91' lang='lat' dir='ltr'>numero</span> <span class='ocrx_word' id='word_1_157' title='bbox 785 2299 913 2364; x_wconf 87' lang='lat' dir='ltr'>fuerunt</span> <span class='ocrx_word' id='word_1_158' title='bbox 935 2299 1077 2365; x_wconf 86' lang='lat' dir='ltr'>Catullus</span> <span class='ocrx_word' id='word_1_159' title='bbox 1100 2301 1133 2364; x_wconf 92' lang='lat' dir='ltr'>in</span> <span class='ocrx_word' id='word_1_160' title='bbox 1155 2300 1348 2366; x_wconf 85' lang='lat' dir='ltr'>hexametris</span> <span class='ocrx_word' id='word_1_161' title='bbox 1420 2283 1424 2298; x_wconf 53' lang='lat'>⁸</span> 
     </span>
     <span class='ocr_line' id='line_1_20' title="bbox 224 2402 1349 2470; baseline -0.001 -1"><span class='ocrx_word' id='word_1_162' title='bbox 224 2403 303 2469; x_wconf 89' lang='lat' dir='ltr'>Cato</span> <span class='ocrx_word' id='word_1_163' title='bbox 327 2402 469 2466; x_wconf 86' lang='lat' dir='ltr'>Tibullus</span> <span class='ocrx_word' id='word_1_164' title='bbox 493 2402 623 2466; x_wconf 90' lang='lat' dir='ltr'>Ovidius</span> <span class='ocrx_word' id='word_1_165' title='bbox 648 2402 776 2467; x_wconf 87' lang='lat' dir='ltr'>Gratius</span> <span class='ocrx_word' id='word_1_166' title='bbox 800 2408 910 2469; x_wconf 89' lang='lat' dir='ltr'>auctor</span> <span class='ocrx_word' id='word_1_167' title='bbox 926 2404 1046 2470; x_wconf 81' lang='lat' dir='ltr'>Aetnae</span> <span class='ocrx_word' id='word_1_168' title='bbox 1062 2405 1217 2469; x_wconf 90' lang='lat' dir='ltr'>Homerus</span> <span class='ocrx_word' id='word_1_169' title='bbox 1233 2405 1349 2468; x_wconf 92' lang='lat' dir='ltr'>latinus</span> 
     </span>
     <span class='ocr_line' id='line_1_21' title="bbox 226 2506 1349 2590; baseline 0 -18"><span class='ocrx_word' id='word_1_170' title='bbox 226 2507 346 2572; x_wconf 85' lang='lat' dir='ltr'>Seneca</span> <span class='ocrx_word' id='word_1_171' title='bbox 373 2508 404 2571; x_wconf 93' lang='lat' dir='ltr'>in</span> <span class='ocrx_word' id='word_1_172' title='bbox 429 2506 569 2572; x_wconf 80' lang='lat' dir='ltr'>Charieis</span> <span class='ocrx_word' id='word_1_173' title='bbox 593 2507 733 2590; x_wconf 85' lang='lat' dir='ltr'>Sulpicia</span> <span class='ocrx_word' id='word_1_174' title='bbox 754 2507 900 2572; x_wconf 88' lang='lat' dir='ltr'>Lucanus</span> <span class='ocrx_word' id='word_1_175' title='bbox 925 2508 1118 2574; x_wconf 86' lang='lat' dir='ltr'>Claudianus</span> <span class='ocrx_word' id='word_1_176' title='bbox 1141 2509 1349 2574; x_wconf 89' lang='lat' dir='ltr'>Merobaudes</span> 
     </span>
     <span class='ocr_line' id='line_1_22' title="bbox 230 2610 1174 2693; baseline 0.001 -18"><span class='ocrx_word' id='word_1_177' title='bbox 230 2610 383 2693; x_wconf 88' lang='lat' dir='ltr'>Corippus</span> <span class='ocrx_word' id='word_1_178' title='bbox 406 2611 439 2674; x_wconf 93' lang='lat' dir='ltr'>in</span> <span class='ocrx_word' id='word_1_179' title='bbox 461 2611 622 2676; x_wconf 85' lang='lat' dir='ltr'>Laudibus</span> <span class='ocrx_word' id='word_1_180' title='bbox 644 2611 757 2677; x_wconf 91' lang='lat' dir='ltr'>lustini</span> <span class='ocrx_word' id='word_1_181' title='bbox 780 2611 929 2676; x_wconf 86' lang='lat' dir='ltr'>Sidonius</span> <span class='ocrx_word' id='word_1_182' title='bbox 953 2611 1107 2676; x_wconf 88' lang='lat' dir='ltr'>Sedulius.</span> <span class='ocrx_word' id='word_1_183' title='bbox 1133 2650 1174 2658; x_wconf 88' lang='lat'><strong>—</strong></span> 
     </span>
    </p>

    <p class='ocr_par' dir='ltr' id='par_1_4' title="bbox 221 2715 1351 3736">
     <span class='ocr_line' id='line_1_23' title="bbox 328 2715 1350 2801; baseline 0.002 -22"><span class='ocrx_word' id='word_1_184' title='bbox 328 2715 431 2780; x_wconf 86' lang='lat' dir='ltr'>Tanta</span> <span class='ocrx_word' id='word_1_185' title='bbox 446 2738 554 2780; x_wconf 91' lang='lat' dir='ltr'>verum</span> <span class='ocrx_word' id='word_1_186' title='bbox 571 2716 743 2781; x_wconf 89' lang='lat' dir='ltr'>similitudo</span> <span class='ocrx_word' id='word_1_187' title='bbox 760 2717 786 2780; x_wconf 90' lang='lat' dir='ltr'>si</span> <span class='ocrx_word' id='word_1_188' title='bbox 802 2717 884 2781; x_wconf 86' lang='lat' dir='ltr'>inter</span> <span class='ocrx_word' id='word_1_189' title='bbox 900 2717 982 2780; x_wconf 90' lang='lat' dir='ltr'>hunc</span> <span class='ocrx_word' id='word_1_190' title='bbox 993 2721 1030 2796; x_wconf 88' lang='lat' dir='ltr'>et</span> <span class='ocrx_word' id='word_1_191' title='bbox 1045 2721 1154 2801; x_wconf 89' lang='lat' dir='ltr'>poetas</span> <span class='ocrx_word' id='word_1_192' title='bbox 1171 2717 1350 2800; x_wconf 79' lang='lat' dir='ltr'>Augusteae</span> 
     </span>
     <span class='ocr_line' id='line_1_24' title="bbox 224 2821 1351 2904; baseline 0.001 -21"><span class='ocrx_word' id='word_1_193' title='bbox 224 2824 257 2885; x_wconf 92' lang='lat' dir='ltr'>et</span> <span class='ocrx_word' id='word_1_194' title='bbox 272 2821 454 2903; x_wconf 87' lang='lat' dir='ltr'>posterioris</span> <span class='ocrx_word' id='word_1_195' title='bbox 471 2821 584 2886; x_wconf 88' lang='lat' dir='ltr'>aetatis</span> <span class='ocrx_word' id='word_1_196' title='bbox 601 2821 775 2900; x_wconf 82' lang='lat' dir='ltr'>intercedit,</span> <span class='ocrx_word' id='word_1_197' title='bbox 796 2821 857 2886; x_wconf 92' lang='lat' dir='ltr'>tria</span> <span class='ocrx_word' id='word_1_198' title='bbox 872 2821 988 2885; x_wconf 90' lang='lat' dir='ltr'>indicia</span> <span class='ocrx_word' id='word_1_199' title='bbox 1003 2821 1115 2904; x_wconf 88' lang='lat' dir='ltr'>prioris</span> <span class='ocrx_word' id='word_1_200' title='bbox 1130 2823 1253 2903; x_wconf 84' lang='lat' dir='ltr'>aetatis,</span> <span class='ocrx_word' id='word_1_201' title='bbox 1270 2845 1351 2904; x_wconf 91' lang='lat' dir='ltr'>quae</span> 
     </span>
     <span class='ocr_line' id='line_1_25' title="bbox 224 2923 1350 3008; baseline 0 -20"><span class='ocrx_word' id='word_1_202' title='bbox 224 2924 302 2989; x_wconf 90' lang='lat' dir='ltr'>duce</span> <span class='ocrx_word' id='word_1_203' title='bbox 325 2924 447 2989; x_wconf 88' lang='lat' dir='ltr'>Naekio</span> <span class='ocrx_word' id='word_1_204' title='bbox 472 2946 501 3006; x_wconf 92' lang='lat' dir='ltr'>p.</span> <span class='ocrx_word' id='word_1_205' title='bbox 526 2923 568 2988; x_wconf 86' lang='lat'>50</span> <span class='ocrx_word' id='word_1_206' title='bbox 583 2946 629 3006; x_wconf 90' lang='lat' dir='ltr'>sq.</span> <span class='ocrx_word' id='word_1_207' title='bbox 647 2925 859 3007; x_wconf 84' lang='lat' dir='ltr'>exposuimus,</span> <span class='ocrx_word' id='word_1_208' title='bbox 883 2947 937 2988; x_wconf 89' lang='lat' dir='ltr'>eur</span> <span class='ocrx_word' id='word_1_209' title='bbox 953 2947 1016 2989; x_wconf 94' lang='lat' dir='ltr'>non</span> <span class='ocrx_word' id='word_1_210' title='bbox 1032 2925 1227 3008; x_wconf 83' lang='lat' dir='ltr'>neglegimus</span> <span class='ocrx_word' id='word_1_211' title='bbox 1249 2948 1350 3008; x_wconf 91' lang='lat' dir='ltr'>neque</span> 
     </span>
     <span class='ocr_line' id='line_1_26' title="bbox 225 3017 1350 3112; baseline 0.002 -19"><span class='ocrx_word' id='word_1_212' title='bbox 225 3030 309 3094; x_wconf 88' lang='lat' dir='ltr'>hunc</span> <span class='ocrx_word' id='word_1_213' title='bbox 332 3033 458 3112; x_wconf 89' lang='lat' dir='ltr'>poetam</span> <span class='ocrx_word' id='word_1_214' title='bbox 475 3017 578 3093; x_wconf 86' lang='lat' dir='ltr'>aetate</span> <span class='ocrx_word' id='word_1_215' title='bbox 594 3029 757 3112; x_wconf 77' lang='lat' dir='ltr'>Augustea</span> <span class='ocrx_word' id='word_1_216' title='bbox 772 3052 887 3102; x_wconf 90' lang='lat' dir='ltr'>versus</span> <span class='ocrx_word' id='word_1_217' title='bbox 902 3052 977 3094; x_wconf 90' lang='lat' dir='ltr'>suos</span> <span class='ocrx_word' id='word_1_218' title='bbox 999 3029 1110 3094; x_wconf 87' lang='lat' dir='ltr'>fecisse</span> <span class='ocrx_word' id='word_1_219' title='bbox 1137 3031 1350 3095; x_wconf 83' lang='lat' dir='ltr'>arbitramur?</span> 
     </span>
     <span class='ocr_line' id='line_1_27' title="bbox 223 3131 1349 3214; baseline 0.001 -18"><span class='ocrx_word' id='word_1_220' title='bbox 223 3134 313 3210; x_wconf 83' lang='lat' dir='ltr'>Quod</span> <span class='ocrx_word' id='word_1_221' title='bbox 326 3137 433 3197; x_wconf 87' lang='lat' dir='ltr'>tamen</span> <span class='ocrx_word' id='word_1_222' title='bbox 449 3156 488 3196; x_wconf 90' lang='lat' dir='ltr'>ne</span> <span class='ocrx_word' id='word_1_223' title='bbox 502 3131 663 3211; x_wconf 89' lang='lat' dir='ltr'>faciamus,</span> <span class='ocrx_word' id='word_1_224' title='bbox 671 3133 791 3214; x_wconf 88' lang='lat' dir='ltr'>optimo</span> <span class='ocrx_word' id='word_1_225' title='bbox 803 3133 916 3197; x_wconf 85' lang='lat' dir='ltr'>aetatis</span> <span class='ocrx_word' id='word_1_226' title='bbox 932 3133 1120 3197; x_wconf 89' lang='lat' dir='ltr'>documento</span> <span class='ocrx_word' id='word_1_227' title='bbox 1136 3133 1349 3214; x_wconf 85' lang='lat' dir='ltr'>admonemur,</span> 
     </span>
     <span class='ocr_line' id='line_1_28' title="bbox 221 3225 1350 3319; baseline -0.003 -18"><span class='ocrx_word' id='word_1_228' title='bbox 221 3261 259 3301; x_wconf 89' lang='lat' dir='ltr'>re</span> <span class='ocrx_word' id='word_1_229' title='bbox 281 3238 450 3302; x_wconf 87' lang='lat' dir='ltr'>metrica.</span> <span class='ocrx_word' id='word_1_230' title='bbox 496 3236 541 3300; x_wconf 84' lang='lat' dir='ltr'>Ac</span> <span class='ocrx_word' id='word_1_231' title='bbox 567 3237 701 3319; x_wconf 91' lang='lat' dir='ltr'>primum</span> <span class='ocrx_word' id='word_1_232' title='bbox 732 3259 890 3300; x_wconf 90' lang='lat' dir='ltr'>caesura</span> <span class='ocrx_word' id='word_1_233' title='bbox 919 3225 1000 3298; x_wconf 77' lang='lat' dir='ltr'>aurci</span> <span class='ocrx_word' id='word_1_234' title='bbox 1023 3233 1174 3317; x_wconf 73' lang='grc' dir='ltr'>τέταρτον</span> <span class='ocrx_word' id='word_1_235' title='bbox 1199 3241 1350 3318; x_wconf 69' lang='grc' dir='ltr'><em>τροχαῖον</em></span> 
     </span>
     <span class='ocr_line' id='line_1_29' title="bbox 224 3341 1351 3424; baseline -0.002 -18"><span class='ocrx_word' id='word_1_236' title='bbox 224 3346 289 3406; x_wconf 87' lang='lat' dir='ltr'>tarn</span> <span class='ocrx_word' id='word_1_237' title='bbox 312 3365 382 3405; x_wconf 89' lang='lat' dir='ltr'>raro</span> <span class='ocrx_word' id='word_1_238' title='bbox 399 3364 491 3424; x_wconf 89' lang='lat' dir='ltr'>quam</span> <span class='ocrx_word' id='word_1_239' title='bbox 509 3342 562 3404; x_wconf 85' lang='lat' dir='ltr'>vix</span> <span class='ocrx_word' id='word_1_240' title='bbox 579 3341 662 3423; x_wconf 91' lang='lat' dir='ltr'>apud</span> <span class='ocrx_word' id='word_1_241' title='bbox 681 3363 870 3423; x_wconf 92' lang='lat' dir='ltr'>quemquam</span> <span class='ocrx_word' id='word_1_242' title='bbox 891 3345 965 3423; x_wconf 89' lang='lat' dir='ltr'>post</span> <span class='ocrx_word' id='word_1_243' title='bbox 981 3341 1149 3423; x_wconf 78' lang='lat' dir='ltr'>Vergilium</span> <span class='ocrx_word' id='word_1_244' title='bbox 1173 3342 1222 3405; x_wconf 92' lang='lat' dir='ltr'>vel</span> <span class='ocrx_word' id='word_1_245' title='bbox 1244 3341 1351 3424; x_wconf 86' lang='lat' dir='ltr'>Vergi-</span> 
     </span>
     <span class='ocr_line' id='line_1_30' title="bbox 221 3445 1349 3527; baseline 0.002 -19"><span class='ocrx_word' id='word_1_246' title='bbox 221 3445 322 3510; x_wconf 90' lang='lat' dir='ltr'>lianae</span> <span class='ocrx_word' id='word_1_247' title='bbox 345 3445 472 3523; x_wconf 87' lang='lat' dir='ltr'>aetatis,</span> <span class='ocrx_word' id='word_1_248' title='bbox 496 3446 528 3508; x_wconf 85' lang='lat' dir='ltr'>in</span> <span class='ocrx_word' id='word_1_249' title='bbox 552 3445 637 3508; x_wconf 90' lang='lat' dir='ltr'>hisce</span> <span class='ocrx_word' id='word_1_250' title='bbox 653 3445 807 3527; x_wconf 82' lang='lat' dir='ltr'>poemat-is</span> <span class='ocrx_word' id='word_1_251' title='bbox 824 3446 991 3525; x_wconf 88' lang='lat' dir='ltr'>invenitur,</span> <span class='ocrx_word' id='word_1_252' title='bbox 1014 3445 1077 3509; x_wconf 91' lang='lat' dir='ltr'>Dir.</span> <span class='ocrx_word' id='word_1_253' title='bbox 1095 3468 1123 3509; x_wconf 90' lang='lat' dir='ltr'>v.</span> <span class='ocrx_word' id='word_1_254' title='bbox 1140 3445 1182 3508; x_wconf 92' lang='lat'>44</span> <span class='ocrx_word' id='word_1_255' title='bbox 1205 3449 1236 3510; x_wconf 89' lang='lat' dir='ltr'>et</span> <span class='ocrx_word' id='word_1_256' title='bbox 1252 3447 1292 3509; x_wconf 83' lang='lat'>93</span> <span class='ocrx_word' id='word_1_257' title='bbox 1317 3451 1349 3510; x_wconf 89' lang='lat' dir='ltr'>et</span> 
     </span>
     <span class='ocr_line' id='line_1_31' title="bbox 221 3548 1349 3631; baseline 0.002 -19"><span class='ocrx_word' id='word_1_258' title='bbox 221 3549 296 3631; x_wconf 85' lang='lat' dir='ltr'>Lyd.</span> <span class='ocrx_word' id='word_1_259' title='bbox 320 3573 348 3612; x_wconf 92' lang='lat' dir='ltr'>v.</span> <span class='ocrx_word' id='word_1_260' title='bbox 373 3550 412 3612; x_wconf 79' lang='lat'>17</span> <span class='ocrx_word' id='word_1_261' title='bbox 436 3554 468 3614; x_wconf 92' lang='lat' dir='ltr'>et</span> <span class='ocrx_word' id='word_1_262' title='bbox 490 3550 540 3613; x_wconf 84' lang='lat'>29.</span> <span class='ocrx_word' id='word_1_263' title='bbox 586 3548 705 3612; x_wconf 88' lang='lat' dir='ltr'>Deinde</span> <span class='ocrx_word' id='word_1_264' title='bbox 736 3550 789 3631; x_wconf 91' lang='lat' dir='ltr'>qui</span> <span class='ocrx_word' id='word_1_265' title='bbox 821 3549 865 3612; x_wconf 88' lang='lat' dir='ltr'>rei</span> <span class='ocrx_word' id='word_1_266' title='bbox 894 3549 1041 3614; x_wconf 89' lang='lat' dir='ltr'>metricae</span> <span class='ocrx_word' id='word_1_267' title='bbox 1069 3548 1197 3631; x_wconf 89' lang='lat' dir='ltr'>paulum</span> <span class='ocrx_word' id='word_1_268' title='bbox 1230 3550 1349 3631; x_wconf 83' lang='lat' dir='ltr'>peritus</span> 
     </span>
     <span class='ocr_line' id='line_1_32' title="bbox 225 3640 1350 3736; baseline 0.001 -20"><span class='ocrx_word' id='word_1_269' title='bbox 225 3654 332 3717; x_wconf 87' lang='lat' dir='ltr'>sedula</span> <span class='ocrx_word' id='word_1_270' title='bbox 353 3676 448 3717; x_wconf 90' lang='lat' dir='ltr'>manu</span> <span class='ocrx_word' id='word_1_271' title='bbox 471 3640 617 3736; x_wconf 82' lang='lat' dir='ltr'>poemata</span> <span class='ocrx_word' id='word_1_272' title='bbox 644 3653 840 3736; x_wconf 89' lang='lat' dir='ltr'>pervolverit,</span> <span class='ocrx_word' id='word_1_273' title='bbox 874 3654 900 3716; x_wconf 89' lang='lat' dir='ltr'>is</span> <span class='ocrx_word' id='word_1_274' title='bbox 924 3653 1165 3717; x_wconf 82' lang='lat' dir='ltr'>elisionibus</span> <span class='ocrx_word' id='word_1_275' title='bbox 1187 3653 1350 3736; x_wconf 87' lang='lat' dir='ltr'>permultis</span> 
     </span>
    </p>
   </div>
   <div class='ocr_carea' id='block_1_3' title="bbox 222 3874 1349 4463">
    <p class='ocr_par' dir='ltr' id='par_1_5' title="bbox 222 3874 1349 4463">
     <span class='ocr_line' id='line_1_33' title="bbox 223 3874 651 3940; baseline -0.002 -12"><span class='ocrx_word' id='word_1_276' title='bbox 223 3876 309 3940; x_wconf 86' lang='lat' dir='ltr'>refert,</span> <span class='ocrx_word' id='word_1_277' title='bbox 331 3874 434 3928; x_wconf 88' lang='lat' dir='ltr'>codices</span> <span class='ocrx_word' id='word_1_278' title='bbox 453 3874 490 3928; x_wconf 92' lang='lat' dir='ltr'>sic</span> <span class='ocrx_word' id='word_1_279' title='bbox 509 3876 651 3928; x_wconf 68' lang='lat' dir='ltr'>exhibent:</span> 
     </span>
     <span class='ocr_line' id='line_1_34' title="bbox 290 3959 1250 4030; baseline 0 -17"><span class='ocrx_word' id='word_1_280' title='bbox 290 3961 375 4013; x_wconf 78' lang='lat' dir='ltr'>Istum</span> <span class='ocrx_word' id='word_1_281' title='bbox 393 3959 459 4026; x_wconf 88' lang='lat' dir='ltr'>(scil.</span> <span class='ocrx_word' id='word_1_282' title='bbox 478 3960 609 4028; x_wconf 79' lang='lat' dir='ltr'>fuerrlarn)</span> <span class='ocrx_word' id='word_1_283' title='bbox 628 3979 681 4014; x_wconf 86' lang='lat' dir='ltr'>non</span> <span class='ocrx_word' id='word_1_284' title='bbox 696 3962 768 4030; x_wconf 72' lang='lat' dir='ltr'>potis</span> <span class='ocrx_word' id='word_1_285' title='bbox 785 3967 822 4014; x_wconf 77' lang='lat' dir='ltr'>est</span> <span class='ocrx_word' id='word_1_286' title='bbox 841 3961 881 4014; x_wconf 77' lang='lat' dir='ltr'>ris</span> <span class='ocrx_word' id='word_1_287' title='bbox 899 3979 979 4014; x_wconf 79' lang='lat' dir='ltr'>saeco</span> <span class='ocrx_word' id='word_1_288' title='bbox 996 3960 1161 4028; x_wconf 70' lang='lat' dir='ltr'>exstinguere</span> <span class='ocrx_word' id='word_1_289' title='bbox 1178 3961 1250 4014; x_wconf 71' lang='lat' dir='ltr'>cerati</span> 
     </span>
     <span class='ocr_line' id='line_1_35' title="bbox 324 4046 938 4117; baseline 0.003 -18"><span class='ocrx_word' id='word_1_290' title='bbox 324 4047 379 4100; x_wconf 82' lang='lat' dir='ltr'>Aul</span> <span class='ocrx_word' id='word_1_291' title='bbox 397 4046 569 4101; x_wconf 76' lang='lat' dir='ltr'>imbercurte</span> <span class='ocrx_word' id='word_1_292' title='bbox 587 4048 718 4102; x_wconf 80' lang='lat' dir='ltr'>condidus</span> <span class='ocrx_word' id='word_1_293' title='bbox 732 4047 938 4117; x_wconf 74' lang='lat' dir='ltr'>praecepimus..</span> 
     </span>
     <span class='ocr_line' id='line_1_36' title="bbox 222 4133 1349 4204; baseline 0 -18"><span class='ocrx_word' id='word_1_294' title='bbox 222 4133 274 4200; x_wconf 89' lang='lat' dir='ltr'>ubi,</span> <span class='ocrx_word' id='word_1_295' title='bbox 299 4151 360 4187; x_wconf 93' lang='lat' dir='ltr'>cum</span> <span class='ocrx_word' id='word_1_296' title='bbox 378 4152 432 4188; x_wconf 86' lang='lat' dir='ltr'>non</span> <span class='ocrx_word' id='word_1_297' title='bbox 451 4134 580 4202; x_wconf 87' lang='lat' dir='ltr'>particula</span> <span class='ocrx_word' id='word_1_298' title='bbox 599 4136 637 4189; x_wconf 90' lang='lat' dir='ltr'>sic</span> <span class='ocrx_word' id='word_1_299' title='bbox 656 4152 805 4204; x_wconf 87' lang='lat' dir='ltr'>perversam</span> <span class='ocrx_word' id='word_1_300' title='bbox 824 4136 980 4189; x_wconf 83' lang='lat' dir='ltr'>sententiam</span> <span class='ocrx_word' id='word_1_301' title='bbox 999 4135 1086 4200; x_wconf 82' lang='lat' dir='ltr'>efficit,</span> <span class='ocrx_word' id='word_1_302' title='bbox 1104 4135 1239 4188; x_wconf 80' lang='lat' dir='ltr'>Turnebus</span> <span class='ocrx_word' id='word_1_303' title='bbox 1258 4137 1284 4186; x_wconf 91' lang='lat' dir='ltr'>et</span> <span class='ocrx_word' id='word_1_304' title='bbox 1305 4133 1349 4187; x_wconf 91' lang='lat' dir='ltr'>alii</span> 
     </span>
     <span class='ocr_line' id='line_1_37' title="bbox 222 4219 1348 4290; baseline 0.002 -18"><span class='ocrx_word' id='word_1_305' title='bbox 222 4237 287 4273; x_wconf 80' lang='lat' dir='ltr'>rrcvn</span> <span class='ocrx_word' id='word_1_306' title='bbox 306 4224 502 4289; x_wconf 84' lang='lat' dir='ltr'>proposuerunt,</span> <span class='ocrx_word' id='word_1_307' title='bbox 539 4224 628 4274; x_wconf 83' lang='lat' dir='ltr'>tamen</span> <span class='ocrx_word' id='word_1_308' title='bbox 656 4225 745 4274; x_wconf 85' lang='lat' dir='ltr'>contra</span> <span class='ocrx_word' id='word_1_309' title='bbox 771 4237 857 4288; x_wconf 87' lang='lat' dir='ltr'>usum,</span> <span class='ocrx_word' id='word_1_310' title='bbox 885 4225 1012 4290; x_wconf 83' lang='lat' dir='ltr'>quantum</span> <span class='ocrx_word' id='word_1_311' title='bbox 1034 4221 1140 4288; x_wconf 91' lang='lat' dir='ltr'>scimus,</span> <span class='ocrx_word' id='word_1_312' title='bbox 1159 4219 1230 4273; x_wconf 88' lang='lat' dir='ltr'>illius</span> <span class='ocrx_word' id='word_1_313' title='bbox 1248 4219 1348 4274; x_wconf 86' lang='lat' dir='ltr'>aetatis.</span> 
     </span>
     <span class='ocr_line' id='line_1_38' title="bbox 222 4303 1349 4376; baseline -0.001 -17"><span class='ocrx_word' id='word_1_314' title='bbox 222 4306 304 4360; x_wconf 82' lang='lat' dir='ltr'>Hertz</span> <span class='ocrx_word' id='word_1_315' title='bbox 322 4303 411 4360; x_wconf 85' lang='lat' dir='ltr'>autem</span> <span class='ocrx_word' id='word_1_316' title='bbox 430 4306 528 4360; x_wconf 88' lang='lat' dir='ltr'>rectius</span> <span class='ocrx_word' id='word_1_317' title='bbox 546 4305 597 4376; x_wconf 87' lang='lat' dir='ltr'>legi</span> <span class='ocrx_word' id='word_1_318' title='bbox 616 4307 692 4360; x_wconf 82' lang='lat' dir='ltr'>iussit</span> <span class='ocrx_word' id='word_1_319' title='bbox 710 4309 755 4361; x_wconf 86' lang='lat' dir='ltr'>aut</span> <span class='ocrx_word' id='word_1_320' title='bbox 772 4323 826 4360; x_wconf 83' lang='lat' dir='ltr'>non</span> <span class='ocrx_word' id='word_1_321' title='bbox 844 4337 876 4347; x_wconf 96' lang='lat'>-</span> <span class='ocrx_word' id='word_1_322' title='bbox 891 4305 1099 4376; x_wconf 73' lang='lat' dir='ltr'>praecipitans?</span> <span class='ocrx_word' id='word_1_323' title='bbox 1116 4315 1257 4361; x_wconf 82' lang='lat' dir='ltr'>autncnne</span> <span class='ocrx_word' id='word_1_324' title='bbox 1265 4310 1349 4374; x_wconf 79' lang='lat' dir='ltr'>potest</span> 
     </span>
     <span class='ocr_line' id='line_1_39' title="bbox 222 4393 806 4463; baseline 0.005 -17"><span class='ocrx_word' id='word_1_325' title='bbox 222 4423 254 4432; x_wconf 96' lang='lat'><em>-</em></span> <span class='ocrx_word' id='word_1_326' title='bbox 269 4393 478 4462; x_wconf 66' lang='lat' dir='ltr'>praecipitans?</span> <span class='ocrx_word' id='word_1_327' title='bbox 496 4393 697 4463; x_wconf 84' lang='lat' dir='ltr'>interrogatione</span> <span class='ocrx_word' id='word_1_328' title='bbox 715 4393 806 4463; x_wconf 84' lang='lat' dir='ltr'>posita.</span> 
     </span>
    </p>
   </div>
   <div class='ocr_carea' id='block_1_4' title="bbox 0 0 1638 4914">
    <p class='ocr_par' dir='ltr' id='par_1_6' title="bbox 0 0 1638 4914">
     <span class='ocr_line' id='line_1_40' title="bbox 0 0 1638 4914; baseline 0 0"><span class='ocrx_word' id='word_1_329' title='bbox 0 0 1638 4914; x_wconf 95' lang='lat' dir='ltr'> </span> 
     </span>
    </p>
   </div>
  </div>
 </body>
</html>
