3266 4914
753 317 954 408 ..6,6..

332 502 410 603 lyd.
435 518 454 582 2
478 519 545 583 Hoc
566 517 705 600 formoso
728 517 837 598 inopis,
860 537 929 579 mee
951 517 1034 600 orroei
1054 516 1192 599 formose
1213 504 1316 599 puelia

336 622 400 686 Dir.
425 621 466 685 36
488 620 661 704 Iuppiter.
690 669 696 684 .
721 621 792 684 Ioue

337 725 411 807 Lyd.
437 724 479 788 26
501 746 547 805 sq.
571 725 642 787 Iore
665 773 671 786 .
696 773 703 786 .
727 723 872 806 Iuppiter

337 828 401 892 Dir.
415 827 458 890 40
470 848 517 908 sq.
536 827 616 890 silea
633 877 639 889 .
659 876 664 889 .
681 827 782 906 discet,
793 825 895 889 erebro
910 845 998 907 quoe,
1019 825 1130 907 Lydia,
1144 824 1224 886 elisii
1239 821 1289 903 (cf.
1299 821 1374 904 Lyd.
1387 821 1420 904 8)

340 931 415 1014 Lyd.
444 930 484 993 16
507 952 574 1012 sqq.
604 931 792 994 (1661166661
812 931 908 992 sileae
925 979 931 992 .
948 976 964 1007 .,
992 930 1076 992 Dum
1099 928 1418 991 6666666166-

626 1041 727 1120 porret
749 1057 824 1098 caru
847 1035 996 1118 querellas

337 1139 400 1205 Dir.
417 1141 468 1226 ,56
489 1141 663 1226 repentinis
685 1139 830 1202 terrentia
851 1158 941 1221 serpe
963 1137 1078 1220 piperis·
1100 1141 1131 1200 et

339 1243 402 1308 Dir.
427 1244 468 1308 83
492 1249 540 1308 tui
561 1265 683 1328 semper
703 1242 857 1306 discordia
880 1241 957 1306 ciuis

336 1348 411 1430 Lyd.
435 1349 475 1412 63
498 1349 553 1412 sni
572 1368 695 1431 seraper
715 1346 879 1409 rnendeeia
901 1347 1007 1409 661166

297 1452 351 1515 ubi
375 1456 406 1516 et
427 1474 517 1537 saepe
539 1457 572 1517 et
591 1473 713 1535 semper
740 1450 889 1513 adverbia
911 1449 1110 1514 substantivo
1134 1449 1282 1512 adiuncta
1306 1469 1421 1528 graeco

296 1577 382 1618 more
405 1556 593 1620 attributum
616 1554 679 1618 fere
703 1554 915 1635 aequiperant.

338 1658 401 1722 Dir.
426 1659 466 1722 73
489 1659 533 1722 m
554 1659 719 1722 66161166
741 1659 859 1737 166606,
880 1657 984 1740 spicas
1006 1657 1213 1738 6161691666
1235 1655 1310 1716 0166

339 1762 410 1845 Lyd.
438 1763 476 1826 21
502 1763 759 1826 1116666666
782 1767 833 1838 est,
856 1783 926 1824 meu
948 1783 1027 1844 qrme
1048 1761 1112 1844 [611
1133 1765 1205 1822 cereta
1228 1761 1374 1841 *euterpius

339 1865 403 1930 Dir.
428 1865 468 1928 82
496 1863 646 1948 0166616
665 1863 669 1947 Ι
689 1865 811 1946 deeolr'l

340 1968 414 2050 Lyd.
439 1967 479 2030 22
505 1965 568 2051 nil
588 1969 668 2031 mele
687 1965 691 2050 Ι
712 1965 892 2049 1666661611

338 2070 401 2135 Dir.
426 2072 466 2135 83
492 2072 598 2155 Tuque
619 2072 753 2134 inimice
774 2072 824 2134 iai
842 2069 846 2153 1
865 2091 986 2154 semper·

340 2175 415 2257 Lyd.
439 2176 480 2239 63
503 2176 648 2259 Iuppiter
668 2180 740 2238 crete
761 2175 815 2238 sui
834 2173 979 2262 {seraper

341 2278 405 2343 Dir.
429 2279 469 2342 92
493 2279 604 2342 Malim
627 2329 633 2342 .
658 2329 664 2342 .
689 2280 821 2362 carpetis
840 2279 957 2362 palmia

343 2380 418 2464 Lyd.
442 2381 483 2444 33
505 2403 588 2445 acea
606 2383 726 2465 pabola
748 2381 891 2464 fastidire

344 2483 408 2548 Dir.
432 2484 473 2548 83
499 2485 605 2568 Tuque
623 2486 730 2548 resiste
747 2491 839 2569 pater
857 2489 861 2564 Ι
882 2484 946 2546 scil.
971 2484 1075 2565 gregis

344 2585 419 2668 Lyd.
445 2587 486 2650 28
508 2587 599 2652 Felice
621 2593 708 2652 1666
726 2593 816 2671 poter
834 2590 838 2667 l
856 2587 957 2670 pranis

344 2688 408 2753 Dir.
433 2690 475 2753 96
497 2691 644 2754 mem'err's
664 2723 705 2746 τ
727 2693 818 2775 soom
840 2697 895 2754 166
916 2690 1069 2753 616666·

345 2792 420 2874 Lyd.
445 2792 486 2856 58
509 2815 579 2857 mea
602 2843 607 2857 .
633 2844 639 2857 .
663 2805 835 2858 revereretur
853 2795 951 2878 samm

300 2896 466 2961 Praeterea
497 2919 560 2960 non
593 2919 693 2978 pauca
726 2899 873 2962 dictionis
903 2897 950 2960 vel
985 2897 1029 2960 rei
1062 2897 1210 2961 metricae
1242 2897 1358 2960 indicia
1381 2899 1422 2960 ad

299 3004 466 3083 utrumque
490 3022 613 3064 carmen
637 3003 812 3084 spectantia
834 3001 916 3064 inira
938 3003 1003 3064 suis
1025 3001 1102 3064 locis
1126 3000 1324 3064 enumerabo,

400 3104 518 3189 ltaque,
543 3109 580 3170 ut
594 3106 633 3169 ad
649 3129 714 3170 rem
730 3106 822 3170 nobis
845 3107 1038 3188 propositam
1055 3105 1248 3184 oecrtclamue,
1265 3127 1421 3170 summam

299 3209 397 3274 totius
418 3209 597 3272 certaminis
624 3233 691 3273 esse
713 3210 763 3272 aio
785 3232 909 3291 genus
933 3209 1095 3273 dicendi
1119 3214 1231 3273 etres
1254 3209 1423 3273 metrica

302 3333 469 3394 quamnam
493 3317 626 3378 aetatem
658 3314 832 3378 concedant
854 3336 909 3376 seu
931 3313 1036 3395 potius
1059 3313 1220 3396 postulent
1249 3312 1422 3395 explorare.

299 3416 379 3479 Nam
396 3438 500 3498 perse
516 3416 618 3498 ipsum
641 3417 734 3496 cadit,
759 3417 843 3498 quod
858 3416 977 3479 Merkel
1000 3417 1100 3494 affert,
1124 3420 1359 3497 argumentum:
1385 3441 1423 3481 ea

300 3539 445 3599 agrorum
480 3518 602 3599 divisio,
634 3520 672 3582 de
700 3541 762 3601 qua
789 3542 896 3582 versus
919 3519 964 3582 illi
986 3520 1166 3601 loquuntur,
1191 3519 1273 3583 facta
1296 3521 1422 3586 videtur

299 3643 363 3684 606
386 3644 405 3684 6
427 3621 524 3702 Sulla,
556 3622 610 3685 sed
633 3644 651 3685 a
673 3622 844 3686 triumviris
873 3623 938 3685 sive
968 3623 1073 3704 potius
1108 3622 1244 3686 Antonio
1273 3623 1422 3687 010016.-

300 3725 393 3788 viano
423 3725 484 3789 vid.
515 3725 648 3807 interpp.
673 3725 712 3789 ad
735 3726 824 3807 Verg.
849 3726 903 3788 ecl.
930 3727 957 3789 1.
1002 3725 1082 3788 Nam
1106 3748 1213 3788 versus
1236 3725 1278 3788 82
1301 3747 1318 3788 0
1341 3729 1423 3791 orale

299 3827 399 3892 deeeie'
423 3834 606 3912 praetorum
637 3829 770 3892 66666
802 3830 895 3913 apelli
926 3851 1020 3911 quam
1049 3829 1131 3892 male
1165 3829 1205 3892 ad
1239 3827 1358 3891 Sullam
1389 3834 1423 3893 et

299 3931 431 3996 Marium
466 3931 627 4010 referatur,
662 3931 825 4014 intellegis.
877 3931 958 4010 Quid
981 3933 1062 3995 enim
1086 3932 1203 3995 Marius
1226 3932 1423 3996 incusaretur

299 4038 426 4117 propter
456 4057 522 4098 rem
556 4057 575 4098 a
608 4033 696 4099 Sulla
724 4035 945 4118 impetratam?
978 4037 1160 4118 praesertim
1184 4035 1210 4098 si
1231 4036 1266 4115 ie,
1291 4035 1344 4116 qui
1367 4035 1421 4098 illa

299 4139 433 4220 scripsit,
466 4139 625 4202 Marianus
656 4139 725 4220 fuit,
759 4141 871 4221 utqui
903 4162 930 4204 v.
955 4140 996 4203 94
1019 4138 1165 4204 Sullanos
1188 4140 1295 4204 hostes
1319 4143 1419 4203 vocet.

300 4238 391 4303 Certe
414 4240 612 4305 verisimilius
635 4245 683 4305 est
705 4264 788 4304 6660
812 4242 873 4305 713
896 4241 958 4306 ista
974 4243 1091 4325 scripta
1107 4265 1183 4322 esee,
1207 4265 1269 4306 non
1287 4242 1421 4306 Sullano
1442 4263 1452 4272 “

299 4346 447 4424 tempore.
471 4380 512 4387 -
537 4343 578 4407 Ut
611 4344 693 4406 enirn
721 4344 754 4406 in
783 4367 810 4408 v.
835 4345 877 4407 94
899 4366 962 4408 non
984 4347 1088 4428 hostis,
1112 4346 1166 4409 sed
1188 4367 1251 4409 asse
1273 4347 1420 4410 omnibus
