3266 4914
790 362 995 438 ..20-

431 544 483 610 10.
504 543 589 608 acuis
609 547 718 611 cosm
763 546 904 631 Poetam,
928 570 999 614 cnm
1026 547 1126 630 agros
1147 545 1314 628 amitteret,
1343 538 1449 612 adule-

333 647 506 713 scentulum
531 649 627 715 fuisse
649 649 710 714 alio
733 651 801 716 looo
831 652 959 718 docebo
1003 650 1080 715 Eam
1110 650 1142 713 in
1164 652 1299 714 aetatem
1331 651 1447 732 optime

335 739 468 834 quadrat
483 776 579 819 senex
593 778 621 819 v.
640 756 681 819 10
697 760 896 835 memoratus,
920 778 1012 839 quem
1027 754 1163 819 melioris
1179 755 1445 836 interpretationis

333 877 444 938 expers
466 861 586 939 patrem
609 863 720 940 poetae
741 860 892 941 grandem
906 863 984 923 natu
1006 858 1185 940 intellegere
1200 879 1304 940 pergo.
1337 857 1446 938 Neque

330 959 413 1023 enim
438 960 634 1026 coniecturae
656 961 791 1026 adootis
813 963 953 1044 prolatae
976 963 1053 1027 satis
1075 961 1153 1024 mihi
1175 961 1321 1041 arrident,
1344 982 1445 1043 neque

331 1086 441 1148 parum
463 1069 548 1130 certa
571 1064 719 1147 Scaligeri
750 1066 843 1129 sicus
870 1067 971 1130 resta
990 1069 1045 1129 aut
1067 1065 1144 1128 dura
1166 1063 1336 1128 Baehrensi
1365 1064 1443 1128 sutis

330 1170 446 1234 nnuma
479 1173 534 1234 aut
560 1169 665 1233 durior
694 1168 783 1233 Ellisi
811 1170 888 1250 seui,
911 1171 1013 1234 nostri
1040 1171 1095 1232 aut
1122 1167 1288 1232 durissima
1319 1166 1446 1231 Machlii

330 1273 411 1337 sieut
431 1293 497 1336 nou
517 1272 659 1356 infelices
680 1275 734 1336 aut
752 1267 844 1335 'meae
865 1273 966 1336 utonis
981 1272 1030 1336 vel
1045 1271 1140 1356 Sapis
1158 1274 1213 1335 aut
1228 1270 1444 1334 Ribbeokiaua

331 1377 400 1440 orris
421 1376 505 1455 olim,
529 1397 608 1456 quae
624 1397 732 1439 vereor
754 1379 791 1439 ut
804 1376 1026 1458 grammaticae
1048 1374 1232 1454 satisfaciat,
1255 1374 1329 1456 quia
1350 1373 1445 1456 plana

331 1477 577 1544 sententiahaeo
600 1483 663 1543 est:
694 1501 775 1560 rura,
799 1500 878 1563 quae
900 1480 1012 1544 vestris
1036 1481 1125 1560 (non:
1150 1476 1245 1561 suisl)
1267 1477 1296 1542 h.
1321 1500 1346 1542 e.
1369 1478 1449 1560 legi-⁴

329 1582 415 1647 timis
442 1581 575 1646 dominis
598 1579 700 1645 felicia
722 1581 796 1646 olim
818 1581 931 1647 fuistis.

432 1686 482 1750 11.
513 1687 611 1750 colles.
656 1685 836 1750 Rothsteini
868 1687 970 1750 caules
994 1705 1052 1768 pro
1079 1683 1166 1748 colles
1187 1681 1359 1767 propositio
1381 1682 1445 1764 pri-

330 1810 416 1853 mum
438 1809 502 1852 non
524 1787 699 1851 necessaria
720 1791 778 1867 est,
802 1809 873 1851 cum
888 1809 1004 1870 pascua
1019 1788 1051 1851 in
1067 1786 1230 1851 altioribus
1244 1785 1445 1868 potissimum

330 1892 406 1956 locis
436 1889 531 1954 fuisse
560 1891 637 1955 satis
659 1889 794 1955 affirmet
816 1912 843 1954 v.
868 1891 907 1954 91
931 1891 1100 1954 descendite
1121 1895 1224 1954 morde
1244 1889 1375 1973 capellae
1396 1893 1438 1968 et,

332 1995 415 2078 qnod
438 1993 614 2076 exemplum
636 2015 719 2057 nunc
739 1993 816 2057 mihi
831 1997 1008 2076 opportune
1021 1992 1157 2072 offertur,
1180 1992 1333 2074 poematis
1348 1992 1446 2056 Nauf-

323 2097 441 2160 ‘feriani
471 2097 521 2161 die
551 2096 729 2161 landschaft
753 2119 781 2160 v.
805 2097 848 2160 80
879 2096 983 2160 N'aher
1012 2096 1072 2160 den
1103 2095 1220 2177 bergen
1248 2095 1369 2158 sodann
1397 2118 1446 2158 er-

331 2201 433 2266 heben
455 2201 520 2264 sich
543 2200 666 2282 grasige
688 2200 824 2280 weiden3
847 2205 914 2265 turn
937 2200 1089 2282 pedestris
1105 2203 1162 2280 est,
1186 2199 1319 2282 deniqne
1335 2199 1446 2264 verbo-

329 2326 398 2368 rum
421 2304 641 2370 collocationes
662 2305 826 2387 perturbat
847 2304 1044 2371 artificiosas:

532 2407 652 2474 semina
674 2411 795 2491 segetes
807 2411 859 2453 ’·-
880 2428 997 2490 pasena
1019 2407 1113 2472 colles

533 2511 662 2576 arbusta
689 2511 794 2594 fruges
816 2549 857 2557 —
881 2511 1047 2595 pampinus
1069 2533 1146 2575 uvas

533 2614 629 2678 silvae
651 2612 776 2679 frondes
819 2651 861 2661 -
883 2615 1012 2679 flumina
1033 2617 1156 2678 montes

333 2740 349 2781 e
373 2717 487 2800 quibus
509 2717 653 2802 partibus
675 2718 791 2801 primas
813 2718 931 2782 ultimis
952 2718 1149 2799 maximeque
1171 2716 1265 2780 colles
1279 2713 1443 2778 montibus

333 2823 386 2908 (cf.
413 2846 442 2886 v.
465 2822 506 2885 87
530 2844 575 2904 sq.
599 2823 685 2886 celtes
706 2858 747 2868 -
770 2820 900 2905 montes)
933 2825 1006 2904 apte
1037 2820 1223 2904 respondere
1253 2841 1292 2882 ne
1314 2840 1446 2902 puerum

331 2926 457 3010 quidem
479 2924 588 3007 fugiat.

434 3028 596 3093 14.·Hunc
611 3049 734 3092 versum
749 3028 794 3093 sic
810 3026 945 3092 declaro:
969 3027 1072 3091 denuo
1093 3027 1279 3110 incipiamus
1301 3028 1332 3091 et
1353 3025 1447 3106 hanc,

332 3155 426 3216 qnam
448 3131 541 3196 modo
562 3132 696 3216 primurn
718 3133 928 3214 repetivimus,
951 3131 1111 3214 stropham
1126 3132 1239 3195 iterum
1254 3134 1447 3213 repetamns3

331 3259 404 3301 nam
435 3258 525 3319 prece
555 3236 697 3300 versibus
731 3235 855 3300 15-19
890 3236 1063 3318 composita
1094 3237 1150 3300 lroc
1170 3256 1297 3299 carruca
1318 3233 1382 3296 fere
1405 3233 1445 3296 ad

332 3340 462 3404 verbnm
492 3339 659 3422 repetitum
692 3360 759 3403 esse
792 3360 972 3421 cognoscas,
1002 3339 1030 3402 si
1062 3339 1224 3402 ambarum
1246 3336 1447 3419 stropharum

333 3443 495 3507 universas
517 3442 690 3508 sententias
712 3446 745 3507 et
766 3442 905 3524 singulas
926 3441 1071 3506 notiones
1094 3441 1334 3524 comparaveris:

415 3546 464 3609 11.
489 3545 608 3609 semina
629 3581 670 3590 --
694 3548 816 3628 segetes
916 3543 965 3608 15.
991 3543 1069 3608 sulci
1091 3580 1132 3589 —-
1155 3566 1269 3608 avenas

417 3650 466 3713 11.
489 3670 606 3733 pascua
840 3685 843 3694 ·
915 3648 964 3713 16.
987 3652 1078 3731 prata

418 3753 467 3816 12.
491 3752 620 3818 arbusta
641 3789 683 3797 —
705 3751 811 3836 fruges
918 3752 967 3816 17.
991 3752 1085 3816 ramis
1107 3788 1148 3797 —-
1163 3752 1246 3816 mala

420 3856 468 3920 13.
493 3855 588 3920 silvae
598 3855 905 3920 frondes—flumina
920 3855 969 3919 18.
993 3855 1080 3919 silvis
1102 3855 1228 3919 frondes
1241 3890 1280 3899 —
1293 3852 1444 3919 fontibus.

436 3959 487 4024 19.
519 3961 662 4024 deuotum
689 3981 815 4024 carmen
843 3958 967 4042 proprie
988 3980 1052 4022 non
1073 3958 1156 4022 idem
1179 3958 1332 4040 estquod
1355 3956 1450 4021 devo-

339 4062 448 4143 tivum,
471 4066 508 4128 ut
527 4061 634 4126 Naeke
656 4065 688 4127 et
710 4062 762 4126 alii
777 4066 913 4126 censent.
958 4061 1057 4126 Poeta
1080 4053 1162 4125 enim
1185 4065 1262 4142 orat,
1285 4066 1322 4126 ut
1343 4063 1449 4126 omnia

287 4161 289 4164 ’
336 4187 393 4229 sua
422 4165 535 4230 devota
556 4165 644 4246 fiant,
674 4187 799 4252 avenae,
831 4169 931 4248 prata,
954 4165 1045 4244 mala,
1069 4164 1204 4245 frondes,
1227 4164 1339 4245 fontes,
1363 4165 1451 4229 deni-

333 4290 394 4350 que
410 4269 548 4333 carmina
563 4291 628 4332 sua.
663 4267 726 4333 Sed
743 4261 879 4350 carmen,
895 4287 965 4330 oum
982 4267 1128 4333 devotum
1145 4269 1196 4350 sit,
1219 4290 1339 4332 revera
1354 4268 1450 4332 etiam

334 4373 513 4438 devotivum
536 4375 592 4437 est.
