3266 4914
738 309 930 374 ..8¹-

338 483 538 548 Baehrens
561 483 607 546 ed.
632 487 714 566 poet.
738 483 791 547 lat.
815 483 889 546 min.
913 481 973 546 vol.
997 480 1033 544 II.
1057 502 1086 545 a.
1111 478 1202 544 1880.

341 589 420 652 Birt:
444 587 507 650 Das
530 587 637 651 antike
659 587 860 666 Bucbwesen,
884 608 934 669 pp.
959 585 1030 648 297.
1055 584 1126 648 298.
1150 607 1177 647 a.
1203 582 1294 648 1882.

341 690 640 756 Teuffel-Schwabe:
665 690 776 754 Gescb.
794 691 848 755 der
863 698 939 754 rbm.
957 688 1032 754 Litt.
1052 687 1148 751 18824
1163 709 1214 770 pp.
1232 686 1281 752 45.
1293 687 1389 752 373s.

341 795 381 858 bl.
407 793 695 878 Cabaret-Dupaty:
719 795 835 859 Poetae
856 793 962 858 Latini
984 793 1134 857 minores:
1159 790 1319 856 Sabinus.
1338 841 1344 854 .
1361 841 1367 856 .
1385 843 1391 854 .

379 897 518 962 Valerius
537 895 638 962 Cato.
657 948 663 960 .
682 948 687 960 .
706 949 712 961 .
737 897 928 962 Traduction
951 894 1102 960 nouvelle.
1140 893 1238 974 Paris,
1261 892 1392 959 Garnier

377 1001 473 1064 freres
496 1024 522 1063 a.
547 1000 638 1064 1882.

342 1103 542 1167 Ribbeck:
577 1103 688 1168 Gesch.
722 1104 776 1167 der
805 1111 880 1167 rbm.
905 1101 1073 1184 Dichtung.
1108 1102 1131 1166 I.
1162 1123 1191 1184 p.
1223 1101 1390 1167 307-312

247 1255 250 1260 -
382 1207 488 1288 (notae
511 1212 680 1290 sequentur
702 1208 734 1271 in
757 1208 854 1272 altero
876 1205 1056 1287 volumine.)
1100 1229 1127 1269 a.
1153 1205 1244 1269 1887.

342 1310 511 1374 Rothstem
532 1311 565 1374 in
587 1312 690 1374 Herm.
714 1310 823 1373 XXIII.
847 1332 877 1393 p.
901 1309 1079 1374 508—524.
1125 1332 1152 1374 a.
1177 1307 1268 1373 1888.

341 1413 451 1498 Pauly:
475 1413 777 1500 Realencykloptdie
798 1435 827 1497 p.
851 1412 944 1479 2345.
969 1411 1062 1479 2659.

736 1657 938 1667 m

634 1878 844 1956 Carminum
871 1881 1040 1955 recensIo.

378 2035 550 2117 Postquam
581 2035 692 2100 Iacobs
722 2040 848 2101 centum
878 2039 910 2100 et
932 2037 1094 2118 octoginta
1115 2041 1179 2101 tres
1202 2058 1310 2100 versus
1334 2033 1392 2098 sub

278 2140 371 2205 titulo
387 2140 502 2203 Dirae
524 2141 555 2203 in
573 2139 733 2205 codicibus
751 2139 936 2222 Vergilianis
952 2144 1092 2205 servatos
1114 2141 1147 2204 in
1163 2140 1225 2204 duo
1240 2141 1395 2224 poemata,
1414 2167 1416 2172 ·

280 2265 412 2326 quorum
429 2244 514 2326 prius
529 2243 652 2322 Diras,
668 2243 824 2326 posterius
839 2243 995 2326 Lydiam
1011 2245 1195 2325 nominavit,
1211 2241 1397 2308 resecandos

279 2370 347 2412 esse
368 2347 525 2429 cognovit,
550 2345 583 2409 C.
600 2345 634 2408 F.
652 2347 856 2424 Hermann,
884 2348 937 2430 qui
959 2348 1077 2430 primus
1093 2370 1218 2431 operam
1241 2346 1348 2430 posuIt
1362 2345 1395 2409 in

276 2451 566 2534 compositione
596 2449 763 2533 ipsarum
792 2450 973 2515 Dirarum
1003 2451 1191 2534 indaganda,
1215 2472 1280 2515 non
1306 2450 1397 2515 dubi-

279 2556 368 2634 tavit,
385 2555 460 2636 quin
477 2553 678 2618 amoebaeum
697 2553 778 2617 inter
794 2577 899 2621 senem
915 2559 946 2619 et
962 2555 1125 2620 Battarum
1141 2555 1286 2618 iuvenem
1300 2576 1398 2636 quen-

279 2657 350 2720 dam
366 2680 490 2721 carmen
506 2661 601 2736 esset,
625 2657 726 2720 virum
741 2662 846 2722 autem
869 2659 1104 2740 sagacissimum
1128 2680 1186 2740 ego
1210 2657 1264 2721 diu
1285 2660 1395 2722 elnon

278 2760 395 2825 frustra
417 2763 543 2824 secutus
566 2782 602 2824 eo
619 2763 725 2824 tamen
747 2783 811 2824 non
827 2761 889 2824 iam
913 2761 1075 2844 provehor,
1098 2766 1134 2826 ut
1156 2783 1257 2824 meam
1279 2759 1393 2824 faciam

279 2864 346 2928 eius
377 2863 551 2930 doctrinam
584 2865 735 2929 terminos
766 2865 859 2946 longe
891 2867 1087 2948 migrantem.
1138 2867 1180 2932 Et
1208 2865 1248 2930 ab
1271 2866 1394 2948 ingrato

278 2991 406 3033 munere
438 2968 578 3050 singulas
612 2991 724 3032 causas
755 2968 915 3033 refellendi
950 2970 1028 3051 Keil,
1063 2970 1114 3034 cui
1144 2969 1287 3034 Ribbeck
1316 2991 1395 3033 non-

277 3073 363 3137 nulla
385 3073 561 3156 probabilia
582 3097 609 3138 a.
628 3073 709 3137 1868
726 3073 856 3154 addidit,
880 3078 1055 3157 opportune
1070 3098 1128 3139 nos
1143 3075 1245 3139 solvit.
1276 3073 1394 3138 Contra

278 3182 446 3260 postquam
476 3177 528 3241 ille
557 3178 745 3242 sententiam
774 3179 946 3242 Hermanni
975 3202 994 3242 a
1022 3183 1091 3243 tota
1113 3179 1259 3242 carminis
1281 3181 1394 3242 natura

278 3280 446 3344 abhorrere
477 3281 712 3360 demonstravit,
736 3282 809 3345 huic
831 3286 868 3346 ut
890 3305 995 3346 senem
1019 3283 1106 3347 illum
1128 3282 1395 3347 Hermannianum

280 3405 296 3446 e
329 3384 431 3447 medio
463 3384 597 3463 tolleret,
631 3406 696 3448 non
718 3406 796 3466 opus
820 3389 888 3449 erat
909 3383 1089 3450 coniectura
1110 3386 1309 3464 incredibilis
1333 3407 1395 3466 qua

278 3486 311 3550 in
333 3509 361 3550 v.
388 3488 572 3553 recensuit
600 3489 669 3552 suis
690 3490 765 3553 oliano
795 3511 851 3571 pro
882 3481 1032 3554 librorum
1055 3491 1169 3556 litteris
1190 3493 1275 3556 scats
1296 3491 1396 3553 nostri

279 3611 346 3654 esse
369 3590 543 3672 legendum.
588 3591 668 3654 Nam
697 3613 758 3673 quo
788 3591 882 3656 modo
905 3615 1037 3675 cumque
1059 3593 1104 3656 ibi
1125 3593 1394 3677 interpretandum

280 3697 337 3773 est,
370 3695 409 3758 ad
440 3717 520 3775 eum,
552 3695 606 3777 qui
632 3696 698 3776 ipse
725 3695 816 3760 adest
842 3700 874 3760 et
895 3702 1016 3779 partem
1038 3698 1199 3763 amoebaei
1221 3697 1395 3780 suscepisse

250 3785 252 3789 ’
279 3799 417 3876 putatur,
456 3797 551 3860 verba
582 3799 667 3861 scriis
698 3799 798 3862 nostri
829 3799 890 3861 nisi
928 3799 1154 3864 violentiSSIme
1185 3800 1292 3864 referri
1330 3822 1394 3864 non

280 3904 421 3980 possunt.
477 3899 544 3976 Quo
577 3904 681 3964 autem
716 3901 777 3965 alio
800 3901 868 3965 loco
892 3903 1132 3984 appellationem
1156 3904 1240 3968 senis
1262 3903 1395 3986 probare

282 4001 442 4065 Hermann
464 4003 586 4066 studuIt
608 4001 647 4086 (v.
673 4002 726 4085 93)

454 4105 587 4170 Tardius
609 4108 643 4169 al
667 4108 799 4170 miserae
822 4109 1001 4174 descendite
1023 4113 1130 4174 monte
1153 4109 1289 4192 capellae

454 4208 573 4289 (Mollia
594 4232 658 4273 non
680 4210 793 4274 Iterum
816 4213 949 4294 carpetis
972 4212 1087 4296 pabula
1102 4212 1190 4294 nota)

455 4311 563 4398 Tuque
585 4314 696 4379 resiste
718 4318 820 4399 pater:
