3266 4914
754 303 1058 391 -eoas

295 483 453 561 Baehrens
467 501 587 562 monim
601 517 657 579 pro
671 497 773 581 fontes
786 497 938 580 recipiens
953 498 1149 581 inquietavit,
1172 501 1290 584 optime
1305 504 1411 568 tuetur

295 598 381 663 locus
407 599 601 682 Vergilianus
626 599 681 664 ecl.
698 601 726 664 X
741 601 782 664 42
810 602 872 666 Hie
883 602 980 686 yelidi
993 603 1103 688 fontes,
1127 604 1177 693 bie
1190 605 1296 669 enolliu
1310 610 1410 689 pratu.

397 703 448 771 18.
473 703 650 787 Spondiaco
675 703 831 796 rhythmo
861 706 1023 770 tardantes
1055 707 1157 770 undae
1188 707 1268 771 bene
1298 708 1412 771 descri-

294 805 428 886 buntur3
451 805 489 872 cf.
507 806 546 871 ad
560 807 624 871 Dir.
648 830 675 872 v.
693 808 743 872 29.
778 807 858 885 Quia
879 809 982 889 sileae,
997 816 1099 894 pratri,
1118 811 1226 892 sonim,
1242 813 1411 895 aurumque

294 911 419 975 silentia
433 933 489 995 per
504 933 668 976 numerum
689 911 839 995 pluralem
855 913 1054 994 antecedunt,
1078 914 1299 980 concinnitatis
1315 937 1409 978 causa

277 1035 351 1097 ipro
373 1013 519 1097 genetivo
549 1014 717 1098 singularis
744 1016 809 1080 rivi
829 1015 969 1080 dativum
992 1016 1120 1098 pluralis
1142 1018 1222 1082 eicis
1243 1018 1407 1082 emendare

295 1116 463 1200 aliquando
485 1115 578 1181 volui.

397 1219 448 1284 22.
472 1221 515 1286 At
528 1221 608 1286 mule
622 1220 787 1285 iubesouni.
812 1219 874 1285 Cfr.
891 1221 991 1286 simile
1013 1244 1120 1286 versus
1143 1221 1267 1286 initium
1289 1221 1410 1284 111182

299 1321 326 1386 0
345 1323 427 1388 male
446 1323 552 1387 deuoti.
597 1321 747 1388 Nonnulli
768 1323 900 1389 laudant
914 1325 997 1390 mibi
1011 1325 1187 1389 coniectum
1202 1346 1258 1406 pro
1277 1324 1410 1388 lectione

163 1461 168 1464 -
296 1426 435 1488 omnium
466 1425 625 1490 librorum.
658 1463 700 1470 —·
730 1427 791 1491 Pro
824 1427 990 1492 moderatio
1021 1427 1154 1492 fortasse
1188 1429 1342 1491 mordenti
1362 1431 1411 1490 est

295 1529 469 1610 legendum.

299 1631 301 1636 ’
395 1632 446 1697 26.
472 1631 593 1698 Fabula
614 1653 680 1696 uoci
701 1654 784 1697 ouria
806 1639 856 1698 esi.
882 1632 928 1698 Cf.
945 1658 972 1700 v.
989 1635 1031 1700 44
1053 1657 1098 1717 sq.
1142 1634 1305 1717 Ingenium
1328 1633 1411 1697 illius

294 1735 415 1815 aetatis,
454 1757 516 1817 qua
546 1735 601 1798 vix
634 1735 804 1817 quidquam
841 1737 881 1800 ab
916 1736 1096 1801 hominibus
1127 1737 1320 1815 credebatur,
1354 1737 1411 1800 sed

294 1839 400 1902 omnia
422 1838 454 1900 in
477 1837 606 1902 dubium
629 1839 831 1918 vocabantur,
867 1843 899 1904 et
921 1839 978 1904 hac
1002 1845 1034 1906 et
1054 1841 1208 1904 similibus
1231 1840 1412 1922 saepissime

294 1942 377 2024 apud
406 1945 514 2024 poetas
549 1941 818 2005 enuntiationibus
851 1943 968 2026 optime
995 1943 1197 2025 significatur.
1243 1941 1289 2007 Cf.
1313 1943 1409 2025 lrygd.

292 2044 492 2108 1768117111
521 2050 564 2109 esi
588 2045 624 2108 ia
654 2066 773 2108 itanum
803 2045 913 2129 falae
939 2047 1013 2130 fietu
1037 2048 1149 2111 10111111.
1194 2045 1283 2127 Verg.
1308 2045 1345 2109 G.
1368 2046 1411 2110 ΙΙΙ

294 2149 354 2212 391
378 2149 409 2210 si
429 2149 546 2212 eredere
566 2148 699 2231 de'piiirm
720 2154 772 2212 esi.
810 2149 846 2212 A.
869 2149 909 2212 Vl
933 2150 993 2216 173
1016 2151 1047 2215 si
1066 2152 1183 2216 credere
1204 2151 1337 2234 dipreaui
1360 2157 1411 2214 esi.

293 2252 381 2317 Ovid.
406 2273 432 2316 a.
456 2275 483 2316 a.
507 2251 954 2338 179quisercderepossil?
983 2254 1106 2318 111511
1133 2256 1410 2344 euperio'eredile!

293 2357 382 2438 epist.
400 2357 443 2420 IX
459 2357 520 2419 119
543 2357 631 2420 laud
651 2378 717 2420 nme
731 2359 848 2422 eredere
863 2358 977 2442 farriae.
1008 2362 1081 2422 met.
1098 2358 1123 2420 V
1140 2357 1201 2420 262
1218 2379 1290 2422 cera
1305 2363 1411 2422 minen

291 2461 381 2543 sumu
397 2465 448 2524 esi.
478 2459 611 2524 Martial.
630 2459 684 2523 VII
699 2461 750 2541 88,
767 2462 783 2523 1
801 2462 916 2526 sicera
929 2467 973 2526 esi
985 2462 1084 2546 sumu.
1118 2460 1278 2525 Claudiam
1294 2461 1375 2524 XLV
1390 2461 1412 2524 3

292 2565 445 2630 recensiti
465 2564 620 2628 credibilis
640 2565 708 2628 uisa
729 2565 827 2648 samu.
868 2565 1060 2630 Octavianus
1083 2565 1253 2649 (Baehrens
1274 2565 1314 2628 lll
1336 2564 1410 2641 254)

293 2669 333 2732 23
355 2667 548 2732 Eirrnemiles
561 2667 657 2746 dirue,
671 2667 770 2751 fallen
790 2689 871 2752 quus
883 2669 993 2753 fabrile
1007 2673 1124 2732 iiarrui.
1151 2703 1190 2713 -
1212 2670 1284 2734 Iove
1304 2669 1410 2751 dipsa.

292 2770 330 2835 cf.
354 2771 445 2853 Prop.
469 2771 483 2834 I
506 2771 555 2852 13,
578 2770 628 2834 29.
653 2771 680 2833 Π
702 2771 731 2851 2,
755 2771 783 2835 6.

394 2875 445 2940 27.
477 2875 621 2958 Iuppiter
640 2880 761 2938 amics
781 2875 909 2951 aurea!
933 2874 998 2939 scil.
1022 2897 1062 2938 ne
1084 2896 1189 2938 amore
1204 2873 1325 2957 puellae
1340 2878 1412 2938 tan·

292 2978 334 3040 tis
357 2976 503 3042 laudibus
525 2977 624 3042 elatae
645 2977 843 3058 incendaris3
881 2977 919 3043 cf.
942 2979 1034 3061 Prop.
1057 2978 1172 3059 11134,
1196 2978 1236 3042 18
1265 2979 1410 3043 Rivalem

287 3102 423 3164 possam
444 3103 511 3144 aion
532 3102 584 3164 epo
604 3081 685 3164 serre
706 3081 819 3146 Ionem.
1344 3062 1359 3104 ⁸

395 3185 447 3249 28.
472 3182 518 3248 Cf.
542 3206 570 3247 v.
588 3183 627 3246 31
652 3187 685 3248 et
705 3183 768 3249 Dir.
792 3207 820 3250 v.
844 3183 893 3248 93.
938 3182 984 3246 De
1007 3183 1163 3248 sententia
1178 3182 1215 3247 cl.
1231 3183 1411 3246 Nemesiani

291 3287 472 3352 (1111726
505 3287 600 3353 Cerno
625 3307 746 3351 mure-m
774 3289 924 3370 sequitur,
958 3293 1087 3352 laurum
1111 3287 1248 3368 sornwsu
1272 3287 1404 3352 iuuenca

293 3401 325 3454 et
347 3391 436 3454 Ovid.
460 3412 486 3453 a.
511 3411 538 3453 a.
562 3390 624 3453 279
647 3412 692 3473 sq.

394 3494 446 3559 33.
469 3494 558 3558 siliis
579 3494 687 3575 proin
708 3494 797 3557 siliis
819 3493 937 3557 dictum
961 3497 1016 3558 est.
1041 3529 1082 3538 —-
1103 3493 1246 3576 fastidire
1268 3492 1407 3572 verbum,

292 3598 376 3680 quod
412 3598 510 3661 critici
541 3597 728 3662 coniecturis
760 3619 824 3662 non
846 3597 938 3661 bonis
960 3604 997 3661 ut
1018 3597 1165 3661 Heinsius
1186 3597 1238 3680 sus
1258 3597 1301 3660 sil
1320 3597 1408 3660 adire

292 3706 324 3764 et
346 3699 471 3783 Maehly
492 3701 641 3784 crebriore
660 3701 924 3784 inquietaverunt,
948 3722 1137 3784 quamquam
1153 3698 1296 3782 exempla
1310 3698 1410 3763 latina

291 3804 367 3867 mihi
388 3803 511 3884 desunt,
533 3806 659 3886 poetam
675 3803 806 3867 audacia
827 3807 863 3867 ut
884 3825 1000 3886 magna
1022 3803 1067 3868 ita
1088 3802 1218 3886 pulchra
1238 3824 1329 3865 usum
1352 3823 1409 3884 pro

290 3908 450 3990 fastidiose
471 3929 595 3992 carpere
616 3907 757 3991 posuisse
779 3906 921 3970 arbitror.

392 4010 443 4075 36.
460 4011 593 4094 pleone-ii
610 4032 730 4075 eineres
745 4010 858 4073 iterum
873 4009 905 4072 in
921 4012 1061 4072 extremo
1074 4031 1165 4072 versu
1180 4007 1310 4071 recurrit
1323 4007 1406 4071 172.

395 4115 446 4179 37.
470 4114 590 4197 suisset.
637 4112 775 4196 Sicjuna
796 4134 904 4176 omnes
926 4134 1003 4176 voce
1025 4112 1096 4176 libri
1111 4115 1277 4191 testantur,
1301 4110 1410 4173 rectis-

292 4219 377 4282 sime.
423 4217 656 4282 Sententiarum
687 4217 770 4280 enim
791 4221 882 4281 tenor
903 4216 954 4281 hic
977 4220 1042 4280 est:
1076 4219 1185 4280 taurus
1208 4219 1240 4278 et
1262 4236 1354 4296 caper
1376 4219 1410 4278 et

292 4322 479 4405 quicumque
503 4326 551 4384 est
573 4342 639 4384 mas
662 4342 783 4404 semper
804 4342 875 4384 cum
897 4319 1021 4383 leminis
1043 4319 1107 4382 suis
1130 4319 1227 4382 iuncti
1251 4320 1337 4382 sunt:
1362 4337 1404 4382 ex
