3266 4914
229 536 402 620 fingentem
431 537 633 602 celeberrima
661 541 715 604 illa
737 539 877 623 Catonis,
901 541 1075 607 eommunis
1104 545 1267 607 cantorum
1289 543 1352 608 Eu-

228 642 390 728 phorionis
414 644 641 726 praeceptoria,
659 645 810 728 opuscula
825 647 890 710 suis
906 647 1049 712 versibus
1067 669 1134 710 esse
1149 648 1349 712 aemulatum.

329 747 509 811 Novissime
541 747 676 831 denique
711 754 851 832 tempore
879 751 1051 816 Rothstein
1073 751 1216 832 quamvis
1239 752 1348 834 singu-

229 847 335 913 larum·
358 872 461 914 rerum
496 850 684 932 observatio,
717 857 754 917 ut
784 854 867 918 illius
901 855 969 937 ipsa
998 856 1094 920 verba
1116 854 1256 936 referam,
1286 878 1351 920 non

227 953 361 1019 multum
379 953 494 1017 habere
509 955 660 1020 utilitatis
677 958 705 1021 ei
719 957 887 1039 videretur,
911 958 997 1022 illam
1013 961 1203 1024 sententiam
1219 982 1237 1022 a
1251 959 1351 1024 Lach-

232 1078 347 1120 manno
372 1058 473 1122 obiter
502 1059 656 1140 prolatam
686 1061 825 1123 earmina
847 1083 910 1125 non
937 1063 1029 1125 unius
1052 1085 1120 1127 esse
1142 1063 1219 1127 satis
1242 1063 1350 1127 multis

228 1160 331 1224 verbis
354 1184 429 1226 usus
452 1163 623 1228 renovavit.
670 1163 797 1244 Tamen,
820 1168 857 1229 ut
871 1165 905 1228 in
919 1165 1154 1230 Rothsteinium
1170 1167 1261 1248 signa
1277 1189 1351 1230 eon-

227 1263 371 1346 feramus,
400 1268 678 1349 prudentissimum
695 1289 849 1350 quemque
870 1268 960 1332 valde
987 1271 1076 1334 decet
1098 1270 1251 1351 dubitare,
1274 1293 1350 1334 num

231 1389 351 1432 revera
371 1371 517 1434 Dirarum
539 1372 640 1452 ardor,
664 1393 757 1453 quem
779 1371 830 1434 ille
853 1373 994 1436 nativum
1018 1372 1163 1455 appellat,
1186 1374 1288 1437 verior
1309 1375 1353 1439 sit

226 1495 320 1555 quam
343 1474 458 1556 Lydiae
482 1474 579 1555 dolor,
605 1475 655 1538 eui
678 1474 730 1538 ille
753 1498 791 1538 ne
815 1475 958 1539 umbram
982 1477 1108 1557 quidem
1124 1478 1266 1542 veritatis
1282 1479 1350 1540 vin·
1443 1477 1446 1485 ⁴

227 1577 320 1642 dieat.
367 1577 528 1654 Quatenus
551 1577 632 1640 enim
658 1578 794 1642 Romani
815 1579 899 1642 illius
922 1579 1048 1661 quidem
1071 1581 1185 1644 aetatis
1208 1581 1350 1664 exempla

226 1679 509 1744 Alexandrinorum
525 1680 639 1745 imitati
657 1703 746 1745 suam
761 1685 899 1746 mentem
916 1705 1070 1764 suumque
1083 1684 1222 1747 animum
1235 1684 1349 1748 libellis

227 1786 454 1866 mandaverint,
487 1785 620 1850 anobis
648 1785 811 1849 diiudicari
842 1807 935 1868 posse
966 1809 1056 1868 nego.
1112 1787 1231 1852 Deinde
1265 1789 1349 1870 quod

226 1889 317 1953 Diras
344 1890 438 1953 rebus
461 1889 681 1972 mythologieis
703 1912 802 1971 paene
825 1912 939 1970 carere,
962 1890 1093 1974 Lydiam
1115 1890 1275 1955 abundare
1299 1892 1349 1954 ille

228 1993 328 2071 docet,
358 2016 422 2056 non
438 2016 546 2057 omnes
562 1997 674 2056 cantus
695 1993 800 2056 omnia
815 1998 973 2075 praestare
990 1994 1100 2074 solent,
1129 2017 1191 2076 qua
1216 1995 1254 2058 de
1268 2018 1301 2059 re
1317 2017 1346 2077 p.

229 2096 270 2160 70
285 2119 330 2178 sq.
353 2099 454 2162 nostri
475 2097 573 2161 libelli
596 2096 783 2176 conferatur,
808 2101 917 2179 estque
940 2098 1118 2162 addendum
1141 2101 1236 2162 etiam
1258 2099 1348 2162 Diras

228 2200 413 2282 Lycurgum,
444 2199 597 2279 Cererem,
619 2201 779 2280 Venerem,
809 2200 924 2280 lovem,
947 2201 1139 2284 Neptunum,
1168 2203 1348 2283 Volcanum,

229 2303 333 2368 Ditem
350 2304 504 2386 (Boream,
520 2303 647 2384 Eurum,
671 2291 824 2386 Africum)
847 2308 1014 2385 praestare.
1045 2306 1124 2370 Tum
1141 2311 1177 2371 ut
1192 2308 1349 2387 artissima

138 2393 140 2396 ⁵
231 2407 411 2470 coniunctio
427 2407 609 2488 carminum,
626 2429 706 2489 quae
722 2410 770 2471 est
785 2407 818 2469 in
830 2409 1051 2490 manuscriptis
1067 2431 1222 2494 quamque
1240 2412 1300 2474 iam
1317 2413 1349 2477 in
1404 2427 1407 2456 ³·

227 2511 415 2592 antiquitate
432 2510 499 2591 ipsa
515 2509 630 2573 saetam
649 2531 716 2573 esse
739 2527 777 2572 ex
794 2508 910 2574 Donati
926 2510 991 2574 vita
1005 2511 1121 2593 Vergili
1136 2513 1204 2578 Birt
1220 2515 1252 2577 in
1268 2515 1347 2580 libro

231 2614 295 2694 Dqs
318 2614 425 2677 antike
447 2612 640 2677 Buehwesen
657 2635 686 2696 p.
703 2613 767 2676 298
790 2613 870 2676 bene
894 2614 1040 2694 ostendit,
1064 2616 1110 2680 ita
1131 2617 1212 2680 idem
1235 2640 1349 2682 nomen

230 2718 345 2800 Lydiae
362 2716 524 2798 simileque
541 2720 760 2797 argumentum
777 2737 840 2779 non
856 2720 931 2780 sunt
946 2717 1147 2800 neglegenda.
1184 2721 1348 2786 Praeterea

227 2845 304 2886 usus
325 2843 470 2885 versuum
493 2820 725 2885 intercalarium
752 2842 815 2883 non
845 2821 939 2884 nimis
960 2821 1097 2886 usitatus
1119 2846 1182 2888 non
1202 2827 1295 2890 modo
1316 2828 1348 2891 in
1421 2815 1425 2824 ¹

226 2926 319 3007 Diris,
339 2925 394 2988 sed
414 2925 508 2988 etiam
536 2923 672 3005 quodam
690 2924 784 2987 modo
808 2923 840 2985 in
857 2922 956 3004 Lydia
970 2923 1136 2990 invenitur.
1183 2928 1230 2991 Ad
1247 2934 1349 2994 extre-

208 3051 310 3100 ¹mum
334 3019 416 3092 unus
446 3031 556 3091 auctor
578 3026 780 3091 confirmatur
809 3026 858 3089 his
880 3025 957 3089 loeis
987 3031 1185 3110 comparatis,
1217 3033 1271 3113 qui
1293 3038 1349 3099 aut

229 3133 387 3198 sententia
409 3136 465 3197 aut
486 3130 682 3195 memorabili
698 3129 805 3192 ordine
821 3127 986 3192 verborum
1001 3135 1057 3194 aut
1072 3133 1203 3198 artifieio
1219 3137 1348 3200 metrico

227 3239 304 3304 mire
327 3236 538 3301 consentiunt.

267 3343 330 3407 Dir.
355 3341 375 3404 8
398 3341 561 3405 Montibus
583 3345 610 3404 et
631 3340 719 3410 seteis

269 3445 344 3527 Lyd.
368 3445 408 3508 32
432 3466 477 3526 sq.
501 3449 621 3508 urentes
645 3493 682 3508 ..
727 3444 816 3508 sileris

270 3547 334 3612 Dir.
360 3548 400 3610 16
422 3569 490 3631 sqq.
509 3552 604 3631 prela
628 3597 633 3610 .
662 3547 780 3610 ‚n'lee's
803 3598 809 3610 .
836 3596 842 3610 .
866 3547 1008 3630 fontibus

272 3651 345 3732 Lyd.
371 3650 411 3712 16
433 3672 479 3732 sq.
502 3651 598 3714 ulnae
621 3700 627 3713 .
652 3700 658 3713 .
682 3656 774 3734 pente
796 3700 803 3714 .
829 3702 835 3713 .
858 3651 959 3734 fontes
1031 3659 1032 3662 ’

270 3753 333 3818 Dir.
360 3753 400 3816 18
427 3753 540 3818 Desint
563 3759 590 3818 et
612 3776 669 3835 pro
693 3754 858 3818 arnestat

269 3857 344 3940 Lyd.
369 3856 389 3919 8
436 3857 547 3921 Centat
569 3863 598 3922 et
618 3879 675 3939 pro
698 3857 741 3921 ne
762 3863 874 3922 euertat.

271 3959 335 4026 Dir.
359 3960 402 4024 20
435 3960 564 4024 Veneris
584 3961 673 4026 erano
694 3961 839 4044 florentie
859 3965 941 4024 serta
962 3960 1065 4024 decore

272 4064 346 4147 Lyd.
372 4063 411 4127 13
434 4065 518 4128 e'nler
538 4064 642 4128 eaez'os
672 4064 819 4128 Venerem
841 4064 999 4148 spirantia
1020 4063 1112 4146 stores

270 4167 333 4231 Dir.
358 4168 396 4230 21
428 4188 592 4252 pnnpenee
615 4217 620 4230 .
647 4217 653 4230 .
677 4188 803 4251 erumpes
826 4217 832 4229 .
858 4217 864 4230 .
888 4169 994 4230 colore

268 4273 342 4356 Lyd.
367 4273 408 4336 66
432 4294 477 4354 sq.
501 4273 538 4335 e'n
559 4273 652 4336 heroa
675 4272 856 4354 Purpeereos
877 4272 969 4354 stores

267 4377 330 4442 Dir.
355 4377 395 4442 32
424 4377 653 4459 dolonosueqne
674 4377 782 4438 eadent
797 4375 935 4453 erenbeue,
956 4374 1204 4522 soe·neose'q·*e'lle's
1223 4371 1273 4455 (cf.
1291 4372 1345 4454 89)
