3266 4914
689 323 901 408 *31⁴

233 540 270 583 ea
291 541 324 584 re
342 539 447 583 nonne
464 512 660 579 concluditur
675 514 770 579 etiam
784 513 877 579 nobis
891 513 1072 580 bominibus
1088 516 1218 580 eandem
1234 505 1348 584 amoris

231 622 422 703 felicitatem,
457 619 582 684 etiamsi
613 640 695 683 nunc
722 641 787 683 uon
809 619 871 682 iam
893 618 944 700 sit,
967 617 1043 683 olim
1064 618 1186 683 fuisse?
1229 621 1347 705 ltaque,

231 728 258 790 si
280 751 308 791 v.
332 727 373 790 47
397 748 442 808 sq.
466 723 663 804 maximeque
686 746 714 786 v.
739 723 779 787 76
802 745 848 806 sq.
893 722 1094 808 Infelicem,
1117 725 1263 816 reoriuillo
1293 731 1350 812 qni·

230 837 363 914 tempore
384 835 490 909 erutum,
517 827 585 904 Quo
599 827 675 906 selim
696 831 813 892 nutura
826 827 892 911 suit
905 829 989 892 recte
1005 827 1207 910 contemplati
1223 831 1346 912 erimus,

230 935 305 1017 quin
328 938 441 999 natura
463 932 553 996 initio
577 931 756 996 hominibus
779 930 879 996 facilis
901 929 1005 1012 fuerit,
1028 935 1154 1014 poetam
1177 955 1240 998 uon
1257 935 1347 998 dubi-

229 1042 313 1102 tasse
346 1038 447 1102 credo.
479 1035 552 1100 ‘ua
587 1034 798 1099 coniecturam
830 1032 965 1100 Salmasi
996 1037 1029 1102 ct
1065 1035 1173 1099 Heinsi
1205 1037 1300 1120 fru'sle'
1327 1060 1347 1104 a

228 1142 383 1225 plerisque
406 1138 579 1204 editoribus
603 1142 759 1221 receptam
782 1160 846 1203 non
868 1139 1077 1203 necessariam
1099 1160 1167 1204 esse
1189 1144 1303 1206 statuo.

330 1245 381 1309 33.
403 1243 501 1306 Voces
524 1247 588 1306 tum
609 1263 699 1326 saepe
720 1263 815 1324 quam
836 1241 898 1306 vim
914 1241 1061 1323 habeant,
1077 1240 1159 1306 iufra
1173 1245 1345 1311 ostendam.

227 1347 344 1412 Eadem
360 1346 497 1431 querella
518 1346 676 1428 invenitur
703 1369 728 1411 e.
745 1368 774 1428 g.
799 1346 883 1429 apud
898 1333 1045 1411 Ovidium
1066 1368 1161 1411 amor.
1186 1347 1214 1410 ll
1237 1350 1286 1429 16,
1303 1352 1343 1414 41

337 1451 449 1516 Ulmus
470 1454 557 1513 corut
578 1441 775 1529 nitemfeite's
796 1471 862 1515 aron
882 1450 992 1514 deserit
1019 1452 1163 1515 ulmum:

380 1553 515 1638 Separor
539 1574 559 1615 u
580 1548 710 1617 dominu
731 1574 860 1636 cureyo
881 1574 971 1638 saepe
992 1557 1083 1618 meu?

326 1657 378 1722 39.
404 1655 515 1721 Oratio
545 1658 657 1738 poetae
689 1654 785 1720 dubie
818 1660 850 1722 et
872 1656 1020 1739 ambigua
1042 1659 1099 1738 est,
1131 1679 1201 1722 cum
1224 1659 1345 1725 caelum

216 1761 289 1824 sole
311 1764 342 1823 et
366 1760 485 1823 oriente
509 1763 541 1824 et
563 1755 724 1824 occidente
747 1759 845 1823 viride
867 1759 910 1823 sit
931 1762 1026 1842 atque
1048 1761 1178 1824 verbum
1194 1761 1345 1826 redeundi

224 1865 262 1927 de
284 1862 383 1927 stellis
406 1866 438 1926 et
462 1861 665 1926 nascentibus
688 1866 719 1926 e't
741 1861 1000 1927 evanescentibus
1016 1862 1078 1926 dici
1094 1867 1196 1945 queat.
1223 1865 1344 1931 Lunam

224 1972 329 2030 autem
359 1987 429 2030 cum
454 1966 712 2048 Endymione-
735 1967 761 2029 is
779 1967 862 2030 enim
885 1965 936 2029 ille
959 1971 1033 2031 tuus
1055 1989 1083 2030 v.
1106 1967 1147 2030 41
1171 1972 1219 2032 est
1240 2007 1281 2017 —
1304 1993 1343 2035 ex

223 2071 369 2152 opinione
406 2074 547 2134 veterum
579 2092 633 2152 per
672 2074 802 2135 noctem
832 2070 999 2160 convenire
1031 2069 1132 2135 solere
1168 2071 1275 2138 Nuelre
1312 2097 1342 2158 p.

224 2174 391 2238 165-169
415 2173 560 2238 firmavit.

323 2278 378 2342 40.
415 2276 494 2340 Cum
527 2276 635 2342 stellae
666 2280 848 2356 nascuntur,
882 2279 951 2341 tum
984 2276 1144 2341 evanescit
1173 2278 1228 2343 sol.
1274 2279 1342 2358 Quo

221 2380 353 2445 consilio
377 2379 547 2445 Heinsiano
570 2379 688 2444 Phoebi
699 2373 700 2378 ¹
717 2401 773 2462 pro
796 2379 915 2444 Phoebe
950 2362 1081 2459 (Monac.
1105 2381 1259 2460 Phoebus)
1284 2398 1343 2448 'ac-

221 2487 312 2566 cepto
334 2484 454 2548 conieci
477 2519 517 2528 -
540 2505 613 2547 nam
636 2483 737 2547 conici
759 2504 838 2565 opus
857 2487 906 2547 est
927 2519 969 2528 -
990 2483 1092 2567 Inque
1113 2486 1211 2550 uicem
1225 2487 1344 2552 Phoebi

220 2589 436 2652 enumerabit
457 2609 574 2652 oureus
599 2584 690 2668 orbib,
724 2586 778 2651 ubi
810 2587 940 2650 verbum
971 2587 1108 2651 abeundi
1137 2589 1233 2654 verbo
1255 2592 1343 2654 rede-

222 2691 298 2754 undi
313 2713 376 2755 uon
392 2690 472 2754 mule
489 2689 703 2773 respondet'et
718 2690 845 2772 propius
862 2711 956 2772 quum
976 2711 1084 2753 omnes
1108 2712 1186 2773 quas
1208 2696 1342 2776 cognovi

222 2795 468 2860 coniecturarum
502 2794 541 2858 ad
571 2794 685 2859 ductus
715 2792 866 2858 librorum
896 2799 955 2877 atq.
987 2794 1108 2860 accedit
1136 2796 1209 2861 abit.
1260 2797 1340 2863 Nam

221 2899 382 2964 notionem
415 2898 489 2962 solis
522 2896 668 2962 abeuntis
696 2897 847 2980 exemplis
877 2897 1060 2961 confirmare
1088 2899 1141 2962 vix
1172 2912 1251 2982 opus
1274 2908 1339 2979 est3

221 3000 314 3065 modo
336 3001 375 3065 cf.
399 3001 501 3066 Plaut.
526 3022 617 3065 merc.
641 2999 735 3081 1112,
758 3000 868 3065 32sol
892 3001 1004 3065 aditet
1028 3000 1103 3066 Hor.
1131 3024 1157 3066 c.
1180 3002 1273 3085 1116,
1297 3006 1340 3068 44

220 3106 349 3170 uberrime
370 3126 470 3168 cumae
492 3104 557 3168 scil.
574 3103 703 3168 Phoebi.
728 3102 931 3168 Coniecturae
954 3108 1069 3186 autem,
1101 3129 1178 3189 quas
1199 3107 1339 3172 refellere

222 3209 348 3272 difficile
370 3230 438 3272 esse
460 3229 551 3289 nege,
574 3207 660 3273 docti
681 3206 893 3290 protulerunt:

243 3377 249 3386 ,
304 3312 412 3395 Haupt
439 3311 582 3376 Phoebus
602 3333 732 3376 currem
752 3312 831 3376 redit
849 3332 965 3376 aereus
985 3312 1061 3395 orbi,

305 3413 447 3478 Ribbeck
476 3415 592 3479 Phoebi
613 3433 727 3480 currus
747 3415 838 3499 sequi
858 3435 975 3480 eureus
995 3415 1088 3496 nbis,

304 3517 427 3600 Maehly
457 3518 590 3583 Phoebes
610 3540 740 3603 suryens
760 3523 841 3584 rotat
860 3539 977 3583 uermes
998 3519 1089 3602 orbib,

304 3621 462 3686 Baehrens
490 3623 632 3688 Phoebus
652 3644 782 3687 currens
803 3623 885 3687 cudit
902 3644 1019 3687 aureus
1033 3623 1138 3706 uiuo,

304 3724 472 3789 Rothstein
505 3725 622 3790 Phoebi
642 3747 771 3790 tumens
792 3726 875 3790 cudit
894 3747 1011 3791 aureus
1032 3727 1122 3792 orbib.

320 3827 372 3892 41.
397 3833 470 3892 treus
492 3833 600 3893 tecum.
626 3827 672 3892 Cf.
689 3851 717 3892 v.
741 3827 783 3893 35
805 3833 906 3893 tecum
929 3834 991 3894 tua.
1015 3866 1057 3874 —
1080 3849 1138 3904 cur
1157 3850 1223 3893 nore
1244 3836 1288 3895 est
1308 3836 1337 3896 el

220 3918 297 3994 ineu
331 3928 378 3996 Cf.
402 3953 430 3994 v.
454 3931 494 3996 37
520 3929 586 3995 Geir
606 3953 671 3996 non
693 3938 724 3996 cl
744 3933 842 3996 nemo.

320 4035 373 4100 43.
397 4056 536 4118 querens.
581 4035 731 4100 Dubitari
764 4039 797 4100 et
818 4035 938 4115 dubito,
970 4035 1045 4118 quid
1067 4035 1227 4118 recipiam:
1251 4056 1335 4099 com-

220 4141 323 4202 motus
352 4141 384 4202 et
412 4138 590 4202 narratione
623 4137 777 4202 Ovidiaua
807 4143 840 4202 et
868 4138 998 4221 pulchro
1031 4138 1083 4202 illo
1112 4161 1203 4202 versu
1233 4139 1334 4202 nostri

220 4239 362 4303 Schilleri
385 4239 486 4304 dieser
515 4240 633 4304 Lorber
664 4241 756 4310 wand
788 4241 855 4305 sich
890 4242 972 4306 eiust
1007 4263 1060 4306 um
1082 4241 1164 4305 Hilfe
1201 4241 1331 4306 eandem

219 4343 480 4424 pulchritudinem
496 4344 619 4408 dicendi
634 4343 707 4409 huic
723 4345 806 4409 buno
830 4348 941 4428 poetae
965 4345 1120 4410 vindicavi
1137 4367 1193 4428 pro
1215 4345 1332 4412 tradito
