3266 4914
657 359 870 424 „37-

204 535 260 612 est,
284 555 354 597 cum
377 536 470 616 poeta
485 532 517 597 id
537 533 734 614 potissimum
751 537 845 615 neget
866 533 1016 615 seipsum
1038 555 1159 598 amores
1181 533 1317 616 primunr

205 636 305 718 egisse
329 636 450 700 dicens:
475 636 515 700 llt
536 658 657 699 mecum
681 635 793 718 Cypria
814 635 867 699 illo
889 641 1028 719 tempore
1049 637 1148 702 lusit?
1180 637 1315 717 minime,

202 760 274 801 nam
296 738 414 803 Adonis
438 743 506 803 tum
528 738 589 802 suit
610 739 727 802 amicus
750 739 885 803 Veneris
932 739 1158 804 Coniunctione
1184 741 1316 804 etenim

202 864 322 906 amores
337 841 463 906 Veneris
479 842 636 906 amoribus
652 843 733 907 lovis
757 844 973 924 adnectuntur,
997 844 1034 908 cf.
1058 866 1086 907 v.
1104 845 1145 907 44
1167 845 1211 908 Et
1224 866 1316 928 qaue-

201 967 341 1029 cumque,
368 968 395 1008 v.
414 946 453 1009 72
470 947 570 1010 etiarn.
614 945 750 1028 Maligna
772 951 877 1011 autem
899 951 1021 1030 praeter
1043 947 1216 1012 Adonidom
1238 947 1315 1011 alios

202 1047 328 1112 Veneris
350 1049 485 1113 amasios
512 1053 681 1131 enumerat,
715 1049 847 1115 Martem
870 1055 910 1131 et,
945 1073 1037 1134 quem
1068 1051 1169 1115 solum
1201 1050 1316 1114 hahere

202 1172 270 1214 eam
293 1151 432 1232 decebat,
455 1151 635 1216 Vulcanum.

304 1255 355 1320 68.
372 1255 631 1320 Verisimillimam
643 1256 887 1338 propositionem
902 1257 1002 1320 Naeki
1012 1257 1152 1321 machao.
1167 1307 1173 1320 .
1190 1257 1315 1341 Oppida,

202 1358 253 1420 cui
269 1357 330 1421 iam
346 1359 482 1423 Putschc
502 1361 619 1444 Cyprio
631 1411 636 1424 .
650 1411 656 1423 .
671 1361 796 1424 bruchio
818 1361 973 1424 coniciens
989 1360 1129 1442 praeivit,
1146 1360 1177 1422 in
1193 1363 1315 1424 textum

201 1462 312 1544 recepi,
335 1463 517 1546 praesertim
543 1485 614 1528 cum
642 1463 826 1546 cognomine
852 1464 968 1548 Cyprio
983 1464 1081 1528 electo
1097 1463 1222 1527 Veneris
1245 1485 1316 1527 cum

203 1564 345 1629 Adonide
369 1565 499 1648 Cyprius
525 1589 611 1631 amor
637 1566 716 1630 bene
733 1571 765 1631 et
786 1567 921 1631 breviter
944 1567 1111 1649 significari
1133 1566 1210 1629 mihi
1231 1567 1316 1630 vide-

203 1671 283 1749 atur,
307 1670 449 1750 quamvis
465 1670 598 1734 editores
615 1669 768 1750 dubitent,
791 1674 896 1734 utrum
913 1670 950 1734 de
965 1671 1107 1735 Adonide
1129 1693 1169 1733 an
1192 1670 1229 1733 de
1252 1669 1316 1732 An-

203 1772 289 1836 chise
322 1795 361 1835 an
393 1772 431 1836 de
459 1773 563 1856 aliquo
596 1776 716 1854 agatur.
760 1772 830 1855 Ipse
852 1773 1019 1855 aliquando
1050 1774 1241 1838 conieceram
1274 1774 1318 1837 m

200 1897 324 1940 mecum
356 1876 460 1940 Venus
481 1881 521 1940 a!
552 1877 661 1960 punico
689 1881 732 1940 est
751 1927 758 1942 .
775 1927 806 1939 ..
830 1877 972 1942 Grandia
994 1876 1052 1961 (sic
1074 1875 1157 1961 libri)
1179 1877 1314 1960 [omnmo

195 2001 380 2064 supponens
401 1980 519 2063 paudr'a
541 1978 598 2063 (sic
621 1976 705 2061 libri)
728 1980 807 2044 collo.

303 2082 354 2147 74.
378 2083 537 2166 nunrqrn’d
557 2082 666 2146 coiacus
687 2104 783 2147 aureo
801 2086 947 2167 promo?,
978 2087 1015 2148 ut
1046 2082 1118 2147 libri
1148 2086 1314 2165 testantur,

199 2185 365 2268 intellego:
389 2208 444 2250 our
466 2187 561 2251 etiam
576 2185 638 2250 alia
652 2187 764 2252 aetatis
787 2208 850 2251 non
873 2209 984 2251 aureae
1006 2187 1148 2270 exempla
1169 2186 1315 2270 profero?

307 2290 358 2355 79.
383 2290 450 2354 Hoc
464 2289 533 2353 loco
556 2290 720 2354 eonsilium
735 2312 838 2354 meum
859 2294 982 2373 torpere
1004 2290 1120 2370 fateor,
1142 2291 1242 2355 multa
1256 2291 1315 2354 viri

197 2393 285 2459 docti
301 2395 413 2478 etipse
428 2394 661 2478 temptavimus
684 2394 728 2457 nil
743 2394 820 2458 mihi
836 2394 1011 2460 satisfacit.
1042 2394 1187 2478 Optimus
1209 2397 1315 2460 autem

201 2498 314 2579 codex,
326 2497 506 2577 Bembinus,
519 2498 617 2563 tradit
634 2499 733 2562 Tanto
747 2520 832 2563 meuc
847 2499 927 2563 oiiue
941 2499 1040 2563 cordis
1052 2499 1147 2582 secere
1157 2498 1313 2583 rapinum.

196 2603 310 2686 ltaque
332 2603 409 2682 Birt,
433 2624 525 2685 quem
548 2606 673 2667 secutus
701 2624 778 2680 sum,
802 2602 879 2684 legit
900 2603 981 2667 Folo
1003 2603 1060 2684 (sie
1081 2603 1144 2666 iam
1165 2599 1314 2684 Putsohe)

195 2727 283 2771 ruane
309 2708 388 2771 educ
416 2728 495 2790 poor
514 2708 559 2771 sic
586 2707 681 2788 fecero
702 2707 859 2790 rapidorum,
881 2713 916 2770 ul
932 2757 938 2769 .
954 2757 959 2770 .
974 2707 1096 2790 possis?
1142 2705 1232 2769 Certe
1256 2705 1315 2769 etsi

199 2810 239 2874 de
268 2809 416 2873 membris
445 2809 478 2872 in
508 2810 573 2872 dies
602 2809 837 2874 tabescentibus
867 2808 918 2893 (cl.
946 2832 974 2872 v.
994 2809 1034 2871 22
1054 2811 1112 2890 sq.)
1138 2830 1239 2872 sermo
1268 2808 1313 2888 iit,

196 2915 306 2977 tamen
329 2913 462 2978 latinum
484 2936 552 2976 esse
574 2935 655 2994 nego
678 2912 754 2976 illud
769 2912 979 2977 Machlianum
1000 2915 1106 2978 carreis
1127 2934 1183 2995 pro
1204 2913 1313 2992 cordia,

199 3017 285 3099 quod
310 3017 468 3082 Baehrens
495 3039 672 3100 aequoque
694 3017 849 3081 invenisse
872 3017 1006 3081 Machlio
1031 3017 1146 3082 omisso
1169 3016 1309 3080 adnotat.

197 3119 342 3184 Ribbeck
364 3120 497 3202 denique
519 3121 598 3184 mira
620 3120 740 3184 ratione
764 3121 926 3202 proposuit
955 3120 1085 3185 Tantum
1107 3122 1206 3184 saecla
1227 3142 1312 3184 rrreue

198 3225 301 3288 cordis
332 3225 427 3306 fecere
462 3226 620 3308 rupinum,
659 3223 713 3286 ubi
746 3223 917 3303 dubitatur,
951 3227 1056 3286 utrum
1077 3224 1176 3287 cordis
1205 3245 1313 3288 vocem

200 3327 345 3390 feminini
365 3327 487 3409 generis
509 3349 576 3390 esse
596 3326 740 3390 iubeatur·
764 3349 804 3390 an
830 3326 969 3390 adoreae
991 3326 1177 3391 adiectivum
1195 3329 1314 3411 paellae

197 3429 435 3494 substantivum
454 3429 598 3513 suppleri,
622 3433 782 3511 tamquam
804 3430 831 3494 si
853 3430 955 3494 saecla
976 3429 1095 3512 puellae
1117 3430 1178 3493 alia
1199 3429 1314 3494 fuerint

197 3537 294 3617 atque
317 3533 417 3597 amici.

305 3637 370 3702 Iam
392 3660 465 3701 vero
488 3659 559 3701 cum
582 3637 620 3702 de
641 3661 674 3702 re
696 3639 804 3704 critica
819 3642 852 3702 et
866 3636 1027 3718 exegetica
1041 3634 1119 3698 nihil
1135 3635 1314 3701 addendum

200 3741 346 3822 habeam,
380 3744 526 3824 poemata
556 3742 625 3824 ipsa
657 3764 727 3806 meo
760 3742 889 3807 arbitrio
924 3740 1076 3823 disposita
1109 3743 1141 3805 et
1161 3739 1314 3804 recensita

202 3847 237 3908 et
259 3845 291 3909 in
314 3844 452 3927 linguam
474 3846 672 3910 vernaculam
694 3846 848 3911 translata
869 3850 901 3910 et
923 3844 1021 3910 oculis
1043 3848 1076 3911 et
1092 3844 1195 3910 animo
1212 3843 1314 3929 splen-

195 3947 265 4014 didi
286 3948 411 4013 lectoris
433 3970 604 4035 proponere
628 3950 727 4016 liceat.
