3266 4914
785 363 996 427 *34*

337 529 489 613 imprimis
519 531 810 618 Alexandrinorum,
843 539 1076 620 cognovissent;
1111 539 1148 603 cf.
1179 540 1217 603 de
1240 541 1381 606 doctrina
1403 565 1454 607 ae-

337 633 413 698 tatis
435 635 639 702 Terentianae
661 639 772 705 Heaut.
804 642 880 724 prol.
916 665 944 707 v.
975 644 1084 726 Isqq.
1129 644 1294 728 Prolepsis‚
1319 669 1380 729 qua
1402 647 1452 712 hic

339 759 402 801 non
426 739 526 823 ipsam
548 740 728 825 Ariadnam,
752 745 807 808 sed
829 767 977 810 coronam
999 747 1065 810 eius
1088 747 1121 811 in
1144 748 1229 812 sidus
1251 771 1373 813 versam
1389 773 1453 814 am-

338 841 467 923 pliorem
495 845 702 910 eruditionem
730 848 880 913 affectans
902 850 1053 930 nominat,
1077 873 1178 933 neque
1200 856 1275 934 apta
1297 857 1354 932 est,
1379 855 1453 934 quia

339 967 375 1009 eo
396 950 546 1029 tempore,
570 970 640 1013 cum
656 949 776 1014 Thesea
791 952 988 1035 sequebatur,
1013 975 1128 1017 corona
1142 953 1297 1018 Ariadnae
1313 957 1451 1020 nondum

338 1048 371 1112 in
404 1051 496 1114 astris
529 1057 603 1132 erat,
627 1075 728 1136 neque
750 1059 787 1119 ut
809 1077 866 1138 ego
893 1078 1014 1138 censam
1038 1056 1115 1122 satis
1136 1059 1266 1140 urbana,
1290 1060 1365 1142 quia
1386 1082 1449 1124 non

338 1158 505 1236 amantem,
537 1156 591 1220 sed
623 1158 775 1240 perfidum
806 1160 912 1243 potius
945 1161 1065 1226 Thesea
1095 1165 1189 1245 poeta
1217 1164 1250 1227 in
1271 1165 1454 1228 memoriam

338 1263 474 1341 revocat,
498 1260 586 1324 cuius
608 1262 653 1325 rei
675 1263 924 1345 elegantissimus
947 1267 1038 1330 testis
1061 1271 1109 1331 est
1131 1266 1260 1331 Ovidius
1276 1268 1309 1330 in
1324 1273 1450 1333 metam.

337 1361 406 1425 VIII
429 1362 498 1426 175.
529 1363 642 1428 Verum
665 1365 747 1429 enim
769 1367 884 1446 videas,
909 1391 1003 1451 qnam
1018 1368 1109 1434 facile
1124 1369 1195 1433 huic
1211 1370 1362 1453 prolepsis
1378 1372 1451 1435 inde

341 1465 497 1546 acciderit,
531 1468 615 1549 quod
647 1469 740 1533 modo
773 1470 811 1534 de
843 1472 965 1553 gaudiis
997 1473 1125 1537 deornm
1156 1476 1275 1538 arraudo
1297 1476 1455 1559 insparsis

338 1570 434 1634 verba
456 1570 579 1637 fecerat.

441 1675 493 1740 50.
528 1675 629 1740 Prava
662 1677 811 1742 scientiae
843 1635 1007 1744 affddtione
1040 1679 1156 1743 abusus
1178 1683 1272 1762 poeta
1293 1680 1474 1745 notionem.

340 1779 441 1843 clarae
463 1780 639 1844 sententiae
661 1781 827 1845 obscuram
849 1781 932 1863 fuit,
956 1786 1000 1863 ut,
1025 1803 1105 1864 quae
1127 1783 1215 1866 virgo
1238 1805 1331 1866 quem
1354 1783 1454 1846 virum

339 1886 447 1948 secuta
469 1884 520 1964 sit,
543 1883 683 1966 intellegi
705 1885 813 1949 statIm
835 1907 899 1948 non
920 1887 1029 1968 possit.
1075 1886 1175 1963 Quam
1198 1886 1341 1950 similiter
1356 1908 1454 1967 quan-

338 1990 435 2070 toque
466 1987 828 2072 pulchrius'Propertius
850 1991 983 2053 eundem
1005 1994 1041 2054 ut
1063 1991 1186 2055 videtur
1209 1989 1454 2054 Alexandrinum

340 2091 513 2156 aemulatus
547 2091 629 2155 dixit
659 2090 702 2154 III
724 2091 817 2172 34‚8
855 2092 971 2156 Colchis
998 2099 1025 2156 et
1050 2094 1194 2176 ipuotrun
1226 2115 1331 2158 nouae
1352 2100 1455 2158 secuto

338 2197 445 2259 earnm
468 2197 535 2259 esi?
580 2194 705 2277 Optime
727 2198 832 2259 autem
855 2200 970 2275 noster,
993 2200 1031 2261 ut
1051 2197 1158 2260 Naeke
1180 2195 1352 2276 admonuit,
1378 2198 1455 2260 ima-

339 2300 412 2382 gine
444 2297 564 2381 puellae
598 2299 739 2381 captivae
772 2299 914 2363 adhibita
946 2300 1010 2363 vim
1043 2300 1308 2383 cupiditatemque
1339 2300 1454 2362 amoris

340 2403 494 2483 distinxit,
528 2424 590 2484 quo
611 2401 753 2466 Medeam
782 2402 923 2466 Iasonem
951 2404 1145 2486 complexam
1172 2407 1203 2467 et
1226 2407 1364 2466 secutam
1386 2425 1455 2466 esse

338 2507 420 2570 inter
442 2527 550 2570 omnes
572 2509 704 2570 constat.

441 2610 493 2675 51.
527 2608 771 2675 Collooationem
793 2610 969 2690 verborum,
999 2615 1118 2694 quanta
1139 2612 1293 2694 gravitate
1316 2612 1366 2691 sit,
1389 2632 1455 2674 non

339 2715 504 2797 neglegere
525 2713 603 2778 mihi
624 2713 729 2778 liceat:
761 2714 794 2776 in
816 2714 918 2796 capite
942 2714 1056 2796 legitur
1078 2716 1200 2796 tradere,
1223 2715 1255 2778 in
1277 2715 1339 2777 fine
1361 2721 1456 2795 uetus,

339 2822 377 2883 ut
406 2840 451 2898 ea,
484 2839 563 2899 quae
588 2839 627 2879 ex
649 2816 805 2880 sententia
827 2817 972 2899 opposita
994 2821 1077 2898 sunt,
1110 2818 1204 2882 etiam
1226 2818 1294 2881 loco
1317 2818 1399 2881 inter
1421 2839 1456 2879 se

340 2922 468 2987 certent.
1272 2999 1274 3002 Ι

441 3024 492 3089 52.
517 3021 755 3106 Comparativus
776 3023 886 3088 duram
906 3046 945 3088 ne
967 3045 1038 3088 cum
1059 3023 1170 3088 bestiis
1186 3021 1312 3105 deisque
1328 3041 1458 3102 compo-

340 3121 457 3209 natur,'
475 3128 571 3192 verba
600 3133 707 3192 nostro
734 3134 818 3191 aetas
840 3131 959 3191 cavent.
1004 3127 1085 3190 Nam
1107 3125 1263 3190 sententia
1285 3124 1337 3187 illa
1360 3123 1455 3210 modo

340 3232 509 3314 praemissa
540 3232 650 3314 prisciS
683 3231 877 3313 temporibus
909 3231 1003 3293 etiam
1035 3229 1214 3294 hominibus
1251 3232 1382 3309 ae‘quam
1421 3227 1457 3290 in

341 3336 474 3400 amando
506 3335 720 3400 condicionem
744 3334 849 3398 datam
872 3333 968 3397 fuisse
990 3333 1022 3397 id
1044 3334 1242 3417 potissimum
1263 3335 1357 3414 poeta
1379 3353 1457 3413 que-

339 3442 427 3522 ritur,
461 3440 545 3526 quod
576 3461 651 3504 suae
681 3439 779 3521 ipsius
811 3439 923 3502 aetatis
955 3438 1096 3517 condicio
1119 3439 1225 3501 durior
1246 3436 1276 3500 h.
1301 3459 1325 3498 e.
1350 3435 1456 3497 minus

340 3544 439 3608 facilis
462 3544 505 3607 sit
527 3565 620 3625 quam
642 3542 725 3606 illius
748 3541 991 3622 antiquissimae.

439 3648 492 3713 53.
516 3668 576 3730 epo.
622 3645 712 3723 Quod
744 3645 878 3726 primum
908 3643 941 3706 in
973 3641 1145 3706 Basileensi
1176 3640 1255 3703 libro
1286 3638 1456 3720 invenitur,

340 3772 416 3836 egon
436 3749 648 3833 recipiendum
679 3770 746 3811 esse
779 3748 918 3831 plerique
952 3746 1086 3810 editores
1117 3743 1230 3807 iniuria
1258 3730 1458 3822 censuerunt,

341 3877 412 3919 cnm
434 3853 638 3935 interrogatio
661 3851 814 3934 particula
835 3849 1061 3932 interrogativa
1082 3850 1202 3912 remota
1216 3846 1315 3910 multo
1330 3846 1459 3927 gravior

339 3957 409 4038 fiat3
432 3957 470 4021 cf.
493 3957 556 4020 Dir.
579 3978 607 4019 v.
632 3955 681 4018 94.
705 3954 779 4036 Lyd.
804 3976 832 4017 v,
856 3954 897 4017 66
919 3975 986 4035 sqq.
1011 3952 1051 4016 72
1074 3973 1120 4033 sq.

441 4059 494 4126 54.
518 4061 617 4125 ratam
631 4058 812 4124 unanImam
826 4057 976 4120 librorum
991 4055 1173 4119 memoriam
1187 4052 1346 4134 ingenium
1362 4050 1459 4115 Pom-

340 4167 415 4251 poni
437 4164 547 4229 Sabini
569 4164 602 4226 in
616 4163 727 4226 citiam
750 4161 893 4240 correxit,
917 4159 1168 4242 quandoquidem
1188 4159 1329 4219 amantes
1350 4155 1457 4219 minus

341 4271 439 4334 vitam
473 4289 566 4349 quam
600 4266 751 4348 pudorem
779 4264 951 4346 puellarum
984 4265 1137 4343 temptare
1174 4258 1283 4322 solent.
1336 4258 1457 4322 Vittam

344 4376 458 4453 autem,
481 4374 518 4434 ut
547 4372 681 4450 constat,
712 4368 872 4432 Romanae
902 4367 935 4429 in
957 4364 1059 4447 capIte
1082 4363 1225 4427 ferebant
1245 4362 1368 4444 insigne
1390 4383 1457 4426 non
