3266 4914
769 339 977 423 -ac-

323 525 473 595 orationis
498 528 672 608 artificium,
694 529 777 612 quod
798 531 994 614 grammatici
1016 531 1179 596 nominant
1201 532 1373 615 epizeuxin‚
1396 533 1442 596 ita

323 638 360 698 ut
390 634 473 698 inter
502 633 597 696 verba
630 654 683 715 per
717 634 882 716 epizeuxin
910 635 1043 718 repet'ta
1072 635 1156 698 aliud
1178 637 1306 700 verbum
1331 639 1440 700 contra

326 759 522 802 communem
544 759 635 801 usum
659 738 809 802 insertum
832 739 882 818 sit,
906 739 993 802 cuius
1016 739 1061 803 rei
1082 743 1188 803 tamen
1210 740 1354 822 exempla
1375 761 1439 802 non

324 841 451 920 desunt;
485 839 523 904 cf.
548 840 636 922 Verg.
660 840 695 904 Α.
720 840 833 904 11644
868 842 922 906 Sic
954 843 1037 906 oslr
1056 843 1193 926 puellam
1217 843 1319 927 adfall
1340 843 1437 921 elisce-

323 945 384 1008 dr'le
406 965 527 1028 corpere,
549 944 640 1026 Prop.
663 943 691 1006 ll
715 943 764 1024 13,
787 945 828 1009 25
862 946 919 1009 Sal
940 967 1009 1009 meu
1031 951 1081 1009 sal
1099 967 1215 1030 rnopnu
1246 948 1276 1009 si
1298 953 1356 1011 tres
1376 947 1442 1008 alal

321 1068 440 1131 pcrnpu
456 1047 557 1128 libelli,
579 1046 711 1111 Martial.
729 1047 824 1129 epigr.
848 1047 891 1110 XI
908 1050 969 1128 1,1
1009 1049 1077 1125 Quo
1099 1055 1142 1129 lu,
1165 1070 1234 1132 quo,
1257 1049 1334 1113 liber
1347 1050 1440 1112 otiose

324 1151 431 1214 lendis,
469 1149 544 1214 Oed.
568 1152 625 1231 tyr.
649 1149 711 1214 685
734 1141 806 1223 ἅλις
829 1142 941 1232 ἔμοιγ’,
965 1142 1038 1224 ἅλις
1061 1173 1124 1235 eqs.

428 1253 479 1317 59.
512 1254 646 1337 primns
703 1253 823 1318 Rursus
857 1255 1024 1319 consensui
1056 1255 1347 1337 manuscriptorum,
1386 1253 1440 1334 qui

319 1357 465 1440 primurn
487 1356 646 1437 praebent,
681 1356 776 1420 editio
806 1356 993 1421 Basileensis
1020 1357 1187 1439 praecellit,
1218 1357 1250 1420 in
1273 1379 1335 1439 qua
1356 1362 1440 1420 recte

321 1458 435 1540 legitur
447 1459 590 1542 peninum
608 1480 665 1541 ego
683 1459 802 1524 scilicet
815 1461 968 1544 primunr,
985 1460 1068 1542 quod
1083 1461 1189 1524 Naeke
1207 1460 1324 1542 recepit
1338 1481 1439 1541 neque

322 1561 394 1624 ullis
417 1566 522 1625 tamen
544 1562 646 1626 verbis
668 1565 791 1626 tutatus
814 1567 870 1642 est,
893 1563 1090 1646 interpretari
1111 1585 1174 1627 non
1199 1585 1334 1646 possum.
1376 1563 1439 1627 Sed

316 1673 392 1728 'curn
415 1665 468 1728 illo
485 1666 632 1749 pm'mrrm
654 1667 801 1730 convenit
822 1667 941 1746 diceret,
964 1670 1000 1730 nt
1021 1666 1085 1729 fere
1107 1688 1217 1730 omnes
1237 1668 1436 1730 membranae

322 1767 462 1847 tradunt,
484 1768 598 1832 relutsi
618 1767 708 1849 serere
724 1769 898 1832 subiectum
915 1791 982 1832 esse
998 1768 1115 1832 librarii
1132 1770 1319 1850 putaverint.
1346 1769 1439 1832 Bem-

323 1869 417 1934 binus
438 1892 512 1934 vero
541 1875 572 1934 et
594 1870 717 1935 Vratisl.
741 1872 785 1952 ll,
818 1895 909 1954 quern
941 1873 1055 1936 librum
1078 1895 1117 1936 ex
1139 1873 1276 1937 editione
1299 1873 1435 1955 quadarn

323 1972 465 2038 hausisse
500 1975 666 2039 verisimile
689 1979 745 2056 est,
776 1981 809 2040 et
828 1976 989 2040 Parisinus
1012 1999 1099 2040 meus
1129 1981 1212 2042 recte
1235 1980 1438 2041 servaverunt

320 2075 454 2141 Dicerer.
1008 2089 1011 2096 '

423 2181 475 2246 61.
504 2181 591 2246 Nem
618 2183 763 2246 omnibus
785 2181 873 2248 libris
894 2183 1052 2249 firmatum
1075 2183 1262 2248 coniecturis
1284 2185 1380 2248 Nune
1402 2188 1438 2247 et

323 2286 367 2349 Ar
399 2285 571 2366 repudiatis
599 2285 718 2349 retineo
748 2285 830 2349 hanc
863 2288 1052 2351 sententiam
1074 2287 1240 2369 supplens:
1275 2289 1329 2351 sed
1352 2287 1437 2351 fama

319 2410 389 2452 mea
411 2389 572 2454 morietur.
616 2389 697 2474 Nam
718 2411 782 2470 eqs.
806 2425 848 2434 -
869 2391 971 2475 imple
990 2392 1067 2475 sele.
1106 2392 1192 2455 Libri
1211 2391 1361 2455 exhibent
1375 2393 1437 2455 im-

317 2493 374 2575 pie
394 2498 464 2557 cola
496 2491 547 2575 (cf.
570 2491 634 2555 Dir.
657 2515 685 2556 v.
710 2492 753 2574 3),
785 2493 840 2556 sed
870 2495 987 2558 mentio
1016 2498 1161 2561 votorum
1183 2495 1258 2578 quid
1280 2494 1339 2558 hoc
1362 2494 1432 2558 loco

319 2596 381 2659 sibi
402 2596 487 2676 velit,
519 2617 610 2660 nemo
639 2596 761 2660 dixerit.
806 2597 981 2661 Ridiculum
1012 2621 1086 2662 sane
1119 2599 1307 2663 sententiam
1327 2597 1435 2661 Naeke

319 2698 360 2781 (p.
386 2699 459 2775 193)
493 2702 604 2781 poetae
635 2700 796 2764 attribuit:
830 2701 912 2765 votis
934 2703 1020 2782 meis,
1043 2706 1080 2766 ut
1101 2703 1167 2784 ipse
1189 2705 1297 2765 auctor
1320 2702 1435 2765 amoris

321 2823 430 2882 essem,
447 2801 565 2866 factum
581 2806 637 2883 est,
661 2807 697 2867 ut
713 2807 822 2867 auctor
837 2826 900 2868 non
916 2804 983 2867 sim.
1013 2805 1132 2887 Nempe
1154 2805 1258 2868 Iovem
1274 2809 1435 2868 auctorem

318 2905 432 2969 amoris
448 2927 515 2969 esse
531 2928 570 2969 ne
585 2908 710 2987 poetam
727 2905 852 2986 quidem
865 2905 995 2988 fugerat.
1040 2907 1187 2971 Heinsius
1209 2907 1305 2989 igitur
1327 2908 1435 2970 rectis-

317 3010 394 3073 sime
422 3011 489 3094 salu
520 3009 705 3074 emendavit.
751 3009 813 3072 Sed
845 3011 927 3075 sicut
958 3011 1117 3074 Hermann
1144 3015 1176 3076 et
1197 3011 1342 3091 Putsche‚
1365 3011 1434 3092 ipse

317 3113 455 3177 incertus
477 3135 556 3194 surn,
578 3117 684 3177 utrum
699 3112 793 3176 etiarn
809 3114 919 3177 lnm'du
937 3114 1140 3178 Heinsianum
1156 3115 1301 3196 recipiam
1318 3134 1358 3176 an
1373 3116 1435 3177 irn-

313 3216 372 3299 plu
393 3215 469 3300 salu,
492 3215 576 3298 quod
598 3214 748 3297 exemplis
770 3238 834 3279 non
857 3220 969 3296 careat,
991 3217 1150 3281 retineam.

416 3318 468 3383 62.
498 3320 617 3384 Auctor
643 3341 728 3384 error
756 3319 863 3383 eadem
892 3321 1013 3385 ratione
1044 3321 1119 3385 dicit
1141 3342 1203 3402 qua
1224 3343 1252 3383 v.
1276 3320 1318 3384 54
1339 3322 1433 3404 cubio

314 3422 472 3505 lrruplslrc.

417 3525 468 3590 63.
491 3527 604 3590 eudes.
649 3525 735 3588 Libri
756 3526 868 3609 lacteo,
891 3526 1062 3590 Helmstad.
1087 3525 1171 3588 solus
1193 3548 1232 3588 ex
1252 3525 1432 3590 coniectura

315 3633 351 3694 ut
384 3630 507 3695 videtur
539 3629 590 3713 (cf.
613 3653 641 3693 v.
666 3629 720 3711 65)
741 3630 831 3713 furti,
862 3630 946 3713 quod
969 3629 1144 3694 defendisse
1167 3629 1273 3692 Naeke
1295 3630 1355 3693 sibi
1377 3652 1433 3694 ne-

315 3755 375 3815 que
398 3732 467 3796 aliis
489 3733 620 3796 videtur.
667 3732 805 3815 Scaliger
828 3737 933 3797 autem
956 3755 1018 3814 quo
1041 3734 1171 3797 consilio
1193 3734 1295 3817 scelus
1318 3755 1432 3816 propo-

317 3837 423 3916 suerit,
446 3858 510 3899 non
524 3835 625 3899 video.
660 3835 769 3917 Itaque
791 3835 1023 3899 Baehrensiana
1045 3836 1262 3900 emendatione
1285 3841 1432 3917 quaeest

313 3941 418 4003 vallus
441 3938 545 4001 variae
569 3937 684 4020 speciei
705 3938 904 4018 mutationes,
937 3938 1050 4020 quibus
1073 3961 1184 4022 parens
1206 3939 1430 4020 hominumque

314 4043 468 4124 deumque
499 4040 630 4104 feminas
662 4063 735 4105 ase
764 4045 884 4106 amatas
918 4042 1058 4124 decipere
1091 4042 1221 4123 solebat,
1255 4043 1369 4106 rectius
1398 4047 1431 4106 et

312 4146 425 4209 clarius
447 4145 616 4227 significari
638 4145 715 4208 mihi
736 4145 889 4209 videntur.

413 4249 464 4313 66.
499 4250 545 4314 m
571 4241 693 4314 mecam
726 4250 891 4313 lectionem
922 4249 1070 4313 traditam
1101 4249 1181 4313 alius
1207 4249 1297 4313 aliter
1327 4247 1427 4330 petiit.

310 4351 378 4435 Ego
394 4355 500 4416 tamen
514 4353 792 4434 interrogationem
804 4355 946 4416 statuens
961 4353 1090 4432 retineo,
1100 4353 1183 4434 quod
1196 4353 1228 4415 in
1239 4351 1429 4415 membranis
