3266 4914
758 335 969 402 ,66-

299 503 385 572 Idem
407 505 565 590 Theognis
589 513 709 591 quanto
736 510 861 574 mollius
884 515 1064 593 quantoque
1087 510 1303 577 vehementius
1327 534 1425 594 quam

301 615 408 676 noster
440 633 587 694 agrorum
618 634 746 676 suorum
774 635 792 676 a
825 613 1036 696 praedonibus
1059 618 1282 696 occupatorum
1306 615 1428 679 deside-

304 715 385 779 rium
418 716 582 798 expressit,
617 715 673 778 ubi
704 717 855 798 temporis
889 738 1035 799 agrorum
1067 718 1255 781 arandorum
1284 741 1316 782 se
1341 719 1428 800 gruis

303 839 379 881 voce
403 819 514 881 misere
537 818 732 882 admonitum
757 841 824 882 esse
847 819 960 884 cecinit
984 843 1011 882 v.
1037 821 1118 885 1197
1143 842 1210 902 sqq.

406 912 541 1007 ὄρνιθος
563 911 682 1006 φωνήν,
707 920 914 1007 Πολοττοΐδρ,
940 913 996 1002 (itii
1019 911 1150 1008 βοώσης

455 1013 574 1108 decenn,
597 1015 655 1108 ἥτε
676 1027 809 1106 βροτοῖς
828 1015 962 1107 ἅγγελος
985 1014 1061 1111 ἦλθ’
1083 1012 1207 1110 cipriano

402 1117 541 1209 ὠραίου’
564 1124 617 1189 καί
639 1148 698 1207 μοι
720 1123 853 1212 κραδίην
876 1119 1018 1207 ἐπάταξε
1045 1125 1208 1206 μέλαιναν,

456 1221 526 1293 ὅττι
547 1252 607 1309 μοι
630 1219 780 1305 εὐανθεῖς
802 1222 897 1295 ἄλλοι
920 1225 1046 1311 igneum
1068 1220 1197 1316 ἆγροτίς,
1273 1250 1278 1258 ·

400 1322 477 1396 olidi
498 1355 559 1413 μοι
580 1325 710 1420 ἡμίονοι
733 1323 849 1420 κύφων’
873 1333 1018 1398 ἕλκουσιν
1040 1324 1196 1417 ἀρότρου,

452 1436 510 1522 τῆς
532 1425 617 1522 οἷμῆς
638 1436 777 1523 μνηστῆς
800 1432 904 1500 εἵνεκα
926 1433 1096 1523 ναυτιλίης,

300 1542 419 1606 Deinde
450 1542 579 1610 dubium
610 1565 677 1606 esse
709 1565 773 1606 non
806 1546 919 1624 potest,
950 1543 1029 1627 quin
1058 1543 1227 1606 libidinosa
1248 1543 1424 1607 variatione

302 1668 448 1711 versuum
483 1646 723 1726 intercalarium,
759 1669 839 1728 quae
870 1651 978 1711 nostro
1009 1650 1121 1728 poetae
1150 1647 1277 1729 placuit,
1311 1651 1426 1710 natura

302 1751 539 1832 proprietasque
569 1749 652 1813 illius
675 1751 798 1832 generis
820 1773 968 1814 versuum
990 1751 1133 1815 laedatur
1156 1756 1188 1817 et
1209 1774 1308 1834 paene
1331 1750 1425 1815 tolla-

300 1858 368 1934 tur;
392 1877 464 1918 narn
488 1876 525 1918 ea
546 1854 702 1917 industria
723 1877 832 1918 versus
854 1855 1055 1918 intercalares
1076 1855 1171 1919 inseri
1194 1855 1293 1919 solere
1317 1857 1349 1916 et
1372 1854 1425 1917 de-

301 1957 374 2021 bere
408 1958 635 2039 Wackernagel
668 1958 700 2020 in
728 1959 809 2022 libro
831 1959 945 2023 Poetik
967 1959 1121 2024 Rhetorik
1144 1959 1209 2022 und
1231 1958 1370 2022 Stilistilr
1393 1979 1422 2038 p.
1496 1961 1499 1968 ’

300 2060 363 2123 424
386 2062 486 2140 docet,
510 2065 547 2125 ut
568 2061 691 2124 animus
707 2059 905 2143 stropharum
922 2061 1077 2124 variarum
1093 2062 1221 2125 turbido
1237 2067 1424 2142 argumento

304 2169 480 2229 commotus
496 2165 656 2230 constanti
671 2165 763 2228 unius
779 2187 887 2228 versus
903 2165 1090 2246 repetitione
1105 2165 1301 2247 aliquantum
1317 2187 1425 2228 rursus

304 2267 439 2332 leniatur
455 2273 487 2332 et
501 2268 655 2351 placetur;
671 2266 709 2330 cf.
725 2267 819 2332 etiam
836 2268 948 2330 Ziwsai
965 2267 1226 2348 dissertationem,
1244 2290 1336 2349 quam
1348 2289 1376 2349 p.
1386 2267 1426 2330 13

300 2371 403 2436 citavi.
428 2371 579 2452 Denique,
596 2393 635 2433 ne
651 2371 775 2452 singula
791 2370 860 2433 aliis
872 2370 948 2434 locis
964 2371 1141 2452 vituperata
1155 2371 1204 2435 vel
1221 2371 1427 2453 vituperanda

301 2479 449 2556 repetam,
483 2474 635 2556 quidquid
669 2473 910 2555 pulchritudinis
942 2473 1002 2537 hae
1031 2473 1123 2537 Dirae
1146 2473 1274 2553 habent,
1308 2473 1340 2537 id
1362 2495 1427 2537 non

301 2578 428 2658 habent,
454 2578 538 2660 quod
560 2578 732 2641 maximum
756 2578 813 2641 tali
835 2578 868 2640 in
883 2577 970 2660 poesi
992 2578 1102 2640 adesse
1124 2577 1330 2659 postulamus,
1354 2577 1425 2641 dico

302 2684 485 2761 veritatem;
520 2682 654 2764 scriptor
686 2682 806 2744 scilicet
836 2682 902 2763 ipse
924 2703 963 2744 ne
986 2680 1110 2744 videtur
1134 2680 1260 2762 quidem
1283 2667 1425 2763 sperasse

300 2787 440 2850 futurum
462 2807 539 2866 esse,
566 2787 603 2848 ut
625 2787 699 2848 vota
720 2805 777 2847 sua
799 2784 960 2849 evenirent
979 2805 1080 2864 neque
1104 2783 1272 2846 credidisse
1302 2783 1334 2846 id
1356 2805 1424 2847 om-

300 2891 375 2954 nino
407 2890 474 2952 fieri
506 2910 612 2970 posse:
647 2886 733 2950 cordi
764 2886 808 2948 illi
838 2888 938 2969 magis
971 2909 1095 2950 carmen
1119 2887 1222 2968 ipsum
1245 2886 1305 2950 fuit
1327 2908 1422 2968 quam

300 2997 430 3059 eventus
457 2993 612 3056 carminis.
659 2991 752 3055 Dicat
773 2991 928 3072 quispiam
952 2991 989 3055 de
1012 2991 1255 3056 intercalaribus
1278 2992 1422 3054 versibus

303 3096 492 3161 sententiam
515 3117 578 3158 non
595 3095 697 3156 minus
713 3094 814 3156 levem
837 3116 979 3176 quaeque
1003 3094 1081 3157 mihi
1097 3094 1222 3175 quidem
1246 3115 1309 3170 non
1330 3095 1425 3158 satis-

299 3201 385 3280 facit,
398 3200 569 3264 carminum
586 3197 865 3260 exsecratoriorum
882 3197 1120 3260 intercalaribus
1135 3196 1307 3260 reddidisse
1324 3197 1421 3260 etiarn

301 3303 502 3367 Theocritum
533 3300 765 3381 discipulosque
788 3300 1080 3363 Alexandrinorum.
1124 3298 1270 3364 Profecto
1293 3299 1423 3364 doctum

302 3408 440 3470 animum
469 3410 500 3470 et
522 3404 766 3468 Alexandrinam
790 3409 927 3468 mentem
949 3405 982 3467 in
1004 3404 1087 3468 Diris
1110 3409 1143 3468 et
1165 3403 1262 3485 Lydia
1285 3405 1422 3469 valuisse

303 3511 405 3575 elucet
421 3514 453 3573 et
467 3509 548 3572 infra
563 3510 663 3590 magis
680 3509 822 3572 elucebit.
868 3509 1037 3572 Veritatem
1053 3513 1158 3572 autem
1174 3509 1275 3589 magis
1291 3508 1324 3571 in
1339 3508 1422 3572 eius-

303 3615 373 3679 dem
396 3613 587 3696 Theognidis
603 3612 728 3694 elegiae,
743 3633 835 3693 quam
853 3633 947 3693 supra
961 3611 1140 3692 memoravi,
1157 3612 1312 3675 cernimus
1329 3611 1423 3676 initio

401 3705 483 3779 οἶλλοῖ
506 3715 571 3778 Ζεῦ
591 3706 723 3778 τέλεσόν
744 3735 803 3792 μοι
823 3703 987 3792 Ὀλύμπιε
1009 3710 1134 3796 καίριον
1157 3702 1269 3798 εὐχήν·

451 3810 510 3894 deig
533 3816 569 3884 δέ
590 3840 649 3900 μοι
672 3807 741 3882 ἀντὶ
763 3816 866 3882 κακῶν
887 3815 940 3881 καί
961 3842 993 3882 τι.
1016 3821 1138 3880 aaran
1159 3805 1296 3901 ἀγαθόν.

299 3930 332 3991 et
353 3925 385 3989 in
407 3925 469 3988 fine

399 4025 462 4090 τῶν
484 4026 533 4113 εἴη
555 4024 654 4106 μέλον
676 4016 758 4106 αἷμα
779 4027 880 4089 πιεῖν·
911 4021 966 4088 ἕττί
988 4014 1144 4098 τ’ἐσθλός
1166 4015 1279 4108 ὄροιτο

451 4113 585 4212 δαίμων,
609 4120 645 4205 ὃς
667 4129 735 4194 κατ’
757 4119 834 4210 ἐμόν
855 4127 929 4192 νοῦν
950 4125 1092 4192 τελέσετε
1112 4121 1200 4195 acide.

401 4237 612 4301 Nihilominus
645 4237 780 4318 scriptor
800 4235 946 4298 Dirarum
976 4235 1152 4318 Lydiaeque
1175 4240 1224 4299 est
1245 4234 1347 4298 bonus
1371 4233 1419 4297 di-

298 4339 425 4420 sendus,
458 4323 547 4403 cuius
568 4339 712 4402 versibus
735 4323 767 4402 et
788 4337 900 4420 spiritu
922 4338 1023 4404 vivaci
1046 4343 1078 4402 et
1100 4338 1256 4420 elegantia
1279 4338 1418 4421 praecel-
