3266 4914
676 326 887 399 nge..

226 508 375 589 lentibuS,
409 529 599 590 quamquam
631 529 696 571 non
730 507 876 571 omnibus
913 506 1051 571 numeris
1085 501 1231 570 absolata
1261 506 1344 585 sant,

224 612 420 696 Vergilianus
442 633 506 676 non
530 614 660 675 cunctos
683 611 832 693 anteponi
854 610 955 674 velim.

327 715 437 798 Itaque
466 715 554 779 euius
577 714 639 778 duo
662 713 801 778 carmina
822 713 980 780 luculenta
1003 735 1146 797 quaeque
1168 711 1285 776 imitari
1306 733 1345 774 ne

225 820 395 905 Vergilium
427 819 553 901 quidem
576 817 697 900 puduit,
729 820 854 882 servata
876 819 959 899 sunt,
984 817 1051 881 eius
1072 838 1188 881 nomen
1210 818 1346 880 aetatem

225 946 290 989 non
312 923 423 988 tulisse
445 944 520 986 sane
543 920 712 986 dolendum
731 924 787 984 est.

279 1054 283 1061 ⁴
329 1025 393 1090 Sed
415 1025 508 1105 absit,
532 1025 616 1089 absit
639 1024 736 1104 dolor,
759 1023 815 1087 ubi
837 1022 941 1087 dolere
957 1026 1100 1088 vetamur
1115 1022 1344 1106 intellegentia:

226 1130 403 1194 Valerius
428 1128 480 1192 ille
504 1128 606 1210 Cute,
630 1133 724 1211 poeta
740 1132 771 1192 et
787 1127 1010 1210 grammaticus
1026 1132 1062 1193 ut
1078 1132 1188 1193 auctor
1202 1129 1346 1193 Diraram

227 1234 406 1317 Lydiaeque
428 1234 590 1313 habeatur,
616 1256 686 1297 eum
710 1233 811 1296 oratio
834 1235 866 1311 et
881 1255 929 1295 res
945 1232 1075 1296 metrica
1091 1233 1264 1298 admittant
1278 1238 1347 1298 tum

225 1340 408 1404 testimonia
439 1343 579 1402 veterum
615 1338 786 1402 admonent
807 1336 948 1418 aliaeque
971 1359 1019 1400 res
1042 1336 1214 1419 postulant.
1260 1338 1345 1402 Haec

226 1441 550 1522 sunttestimonia1)2
575 1441 736 1506 Sueton.
761 1441 798 1504 de
820 1461 949 1522 gramm.
967 1440 1019 1504 XI.
1051 1441 1231 1505 Valerius
1257 1443 1347 1508 Caio

225 1553 262 1610 ut
282 1546 432 1610 ituit-nulli
446 1545 649 1625 trudidemnt,
673 1544 817 1609 Burseni
830 1542 995 1607 cuiusdam
1011 1543 1148 1621 tibertus,
1170 1565 1206 1608 en
1226 1545 1347 1610 Gallia.-

225 1652 291 1734 ipse
323 1651 430 1730 libello,
463 1650 516 1714 eui
546 1655 590 1713 est
611 1650 720 1713 titulus
751 1648 941 1731 Indignatio
974 1649 1155 1731 ingenuum
1176 1671 1208 1713 se
1229 1656 1347 1715 nutum

226 1756 273 1819 ait
302 1761 329 1818 et
354 1755 516 1839 pupillum
544 1755 685 1818 relietum
708 1774 801 1836 eoque
823 1752 952 1835 foedius
974 1752 1098 1816 lieentia
1119 1752 1247 1818 Sullani
1268 1761 1346 1818 iem-

223 1861 313 1943 pon's
342 1865 472 1923 emitum
491 1858 692 1942 patrimonia.
738 1857 857 1921 Doeuit
877 1857 991 1919 multos
1013 1862 1041 1920 et
1062 1857 1179 1922 nobiles
1201 1859 1349 1942 nisusque

228 1969 271 2026 est
287 1965 476 2047 menedemus
497 1967 674 2046 praeceptor
694 1961 832 2024 inanime
853 1961 896 2023 ud
913 1961 1066 2043 poetieam
1089 1963 1291 2044 tendentibus,
1314 1969 1349 2027 ut

229 2067 354 2149 quendem
375 2086 526 2150 apparere
547 2065 594 2128 uel
615 2064 665 2128 his
687 2064 847 2128 uersiculis
865 2069 985 2147 potesis

437 2169 511 2234 Cato
529 2167 765 2250 grammaticus,
788 2166 888 2230 latinu
912 2166 1014 2244 Siren,

437 2269 502 2346 Qui
521 2270 606 2333 solus
628 2269 698 2352 legit
718 2290 755 2333 ae
776 2269 854 2352 facit
872 2275 985 2353 poetas.

231 2373 366 2458 Smipsit
384 2380 505 2458 praeter
523 2374 744 2457 grammatieos
766 2373 879 2437 libellos
900 2375 995 2437 etiam
1009 2381 1161 2457 poemate,
1184 2397 1221 2440 en
1234 2376 1350 2459 quibus

226 2479 394 2562 praemium
413 2479 589 2562 probantur
609 2479 714 2563 Lydia
736 2483 763 2541 et
779 2477 896 2540 Diana.
929 2478 1050 2561 Lydiae
1067 2479 1172 2543 Tieida
1186 2482 1349 2546 meminit:

433 2582 538 2666 Lydia
559 2583 717 2646 doctorum
739 2582 881 2646 manime
902 2602 979 2646 mre
1000 2582 1082 2646 liber.

231 2686 356 2751 Dianae
382 2687 488 2752 Cinna
497 2711 509 2750 .·
768 2681 772 2688 ’

385 2789 517 2854 Saecula
535 2795 719 2874 permemat
739 2787 840 2853 nostri
862 2786 971 2852 Diana
997 2786 1131 2852 Catonis.

240 2892 325 2956 Vinit
346 2893 388 2957 ad
408 2898 577 2956 entremam
598 2898 760 2973 senectam,
782 2893 885 2956 sedin
899 2912 1026 2955 summu
1045 2892 1195 2976 pauperie
1214 2897 1242 2956 et
1254 2915 1352 2977 paene

230 2995 350 3081 inopie,
380 2996 505 3060 abditus
534 2996 652 3060 ueodieo
681 2995 852 3079 gurgustio,
885 2999 1049 3078 postquam
1077 2995 1255 3060 multane
1277 2998 1351 3061 uilla

230 3100 432 3165 ereditoiibus
453 3104 590 3176 cesserat,
612 3104 649 3162 nt
669 3104 777 3162 aneton
797 3102 840 3162 est
861 3097 996 3160 Bibueul
1057 3148 1063 3160 .
1088 3148 1094 3160 .
1120 3148 1126 3161 .
1155 3172 1157 3176 .
1188 3083 1192 3088 ¹

430 3203 557 3268 Catonis
578 3203 677 3281 enode,
701 3202 796 3282 Galle,
821 3202 1034 3265 Tmeumnum

429 3307 502 3371 Tota
523 3293 654 3370 meditor
673 3305 749 3370 iube
770 3305 953 3369 auiditabut.

427 3410 541 3474 Mirati
560 3431 682 3490 sumus,
706 3410 839 3473 unieum
861 3409 1058 3490 magistrum,

426 3513 599 3578 Summum
618 3512 873 3595 grammaticum,
898 3511 1055 3595 optimum
1076 3517 1206 3593 poetam,

428 3615 541 3681 Omnis
562 3618 675 3682 soluere
693 3638 784 3701 posse
805 3616 1008 3699 quaestiones,

435 3720 543 3784 Unum
565 3720 696 3804 difficile
717 3721 857 3804 expedire
878 3740 1002 3786 minen.

429 3822 483 3886 En
505 3844 557 3887 ear
581 3815 738 3905 Zenodoti,
761 3845 800 3886 en
823 3824 909 3887 ieeur
933 3822 1069 3887 (latetis.

333 3926 437 3990 Idem
460 3927 557 3990 ibid.
580 3926 617 3990 II.
665 3927 772 3992 Inmiti
792 3933 918 3991 suturas
944 3978 950 3991 .
975 3978 981 3990 .
1006 3928 1111 4011 teytsse
1132 3950 1164 3992 se
1185 3931 1273 4012 amad
1290 3931 1353 3994 Ar-

234 4033 375 4096 chelaum
396 4030 565 4114 Pompeius
590 4033 740 4110 Lenaeus,
763 4033 850 4115 apied
872 4031 1087 4095 Philocomum
1110 4031 1256 4095 Valem'us
1279 4031 1353 4098 Cato

232 4135 423 4219 praedicant.

346 4339 364 4407 ¹)
384 4337 442 4390 Alia
459 4337 567 4390 minoris
584 4337 659 4405 pretii
678 4336 769 4389 Nneke
787 4354 810 4404 p,
831 4336 881 4388 252
899 4351 936 4404 sq.
956 4335 1093 4403 congessit.
