3266 4914
797 320 1010 448 ηερ

343 506 450 604 quales
473 524 562 605 cycni
589 523 759 589 morientes
782 544 892 587 canere
925 521 1077 604 feruntur,
1110 545 1175 588 non
1203 522 1248 588 119
1273 526 1389 604 tamen,
1425 527 1463 590 ut

342 627 464 708 cycneis
486 629 616 692 vocibus
633 628 763 692 eandem
778 629 841 693 vim
857 627 1029 694 attribuam
1045 649 1138 710 quam
1154 630 1263 692 nostro
1280 626 1462 691 schwanen-

341 753 468 812 gesang‚
493 732 547 813 qni
568 731 667 814 repeti
696 753 759 794 non
782 733 974 812 potestant,
1013 731 1039 794 si
1062 731 1221 812 repetitur,
1244 731 1290 794 119
1311 751 1375 794 non
1398 729 1458 792 iam

341 833 549 897 nominandus
571 837 627 898 est.
674 833 720 897 Cf.
747 832 878 917 Apollin.
903 832 1010 896 Sidon.
1037 833 1125 915 epist.
1149 833 1217 896 VIII
1246 833 1274 912 9,
1298 832 1318 896 4
1348 833 1460 916 quodsi

341 937 489 1020 qrropr‘orn
510 959 585 1001 encre
607 939 742 1022 r'oeptios
764 939 849 1018 istoc,
872 959 953 1022 qnos
975 939 1057 1002 luter
1077 938 1183 1001 onlner'
1203 937 1359 1020 supplicio
1382 958 1456 1000 eorr-

339 1043 533 1125 scripsimus,
564 1048 646 1105 reolo
676 1042 902 1123 lrrdrrlqeob‘ore
933 1042 1113 1125 susceperis,
1139 1041 1341 1126 persuadebis
1363 1040 1452 1118 rullei,

339 1149 415 1227 qro'o
438 1144 492 1227 (τ
519 1143 603 1226 dass)
637 1151 788 1208 cerebrum
810 1145 929 1208 slmiles
950 1145 1073 1228 fuerint
1094 1146 1297 1223 olorinorum,
1323 1164 1457 1226 quornm

339 1255 382 1312 ee
417 1249 605 1312 modulatior
636 1250 761 1333 elorryor
789 1249 826 1311 e'rr
860 1248 979 1332 poenis.
1036 1249 1120 1312 Bene
1158 1248 1196 1313 de
1233 1269 1345 1330 graeca
1380 1269 1456 1310 voce

338 1340 478 1412 m'osumv
500 1339 592 1432 ᾄδειν
613 1349 753 1433 Scaliger
774 1351 952 1430 adnotavIt;
975 1350 1013 1415 cf.
1038 1352 1153 1415 Nnelre.
1199 1351 1273 1414 Loci
1290 1354 1395 1415 antem
1421 1349 1455 1412 in

342 1453 514 1518 Woelfflini
537 1454 662 1517 archivo
685 1454 894 1537 lexicograpb.
919 1455 978 1518 vol.
1003 1455 1044 1517 III
1067 1477 1116 1537 pp.
1141 1455 1181 1519 66
1204 1454 1320 1519 91393
1350 1453 1457 1517 9911911

338 1580 445 1623 omnes
471 1580 602 1639 cycnum
624 1564 812 1623 eurrlotorenr
833 1557 958 1643 funeris
980 1560 1036 1622 srer'
1060 1558 1240 1624 ostendunt.

437 1662 466 1726 2.
488 1662 606 1726 dirceus
626 1664 718 1726 sedec.
774 1661 853 1725 Cum
882 1662 1079 1744 participium
1110 1663 1228 1727 divisos
1261 1661 1398 1726 aBadio
1425 1683 1455 1740 ,a

338 1763 464 1827 domino
487 1765 653 1828 seinnctas‘
677 1769 709 1828 et
731 1787 750 1828 a
771 1765 891 1828 Naekio
920 1764 1023 1845 ,militi
1045 1765 1231 1847 9991599199ι
1254 1764 1332 1828 19199
1356 1763 1455 1846 expli-

338 1872 442 1931 catum
458 1869 508 1948 sit,
531 1891 603 1933 rura
618 1869 671 1932 illa
686 1870 768 1933 inter
783 1868 956 1951 complures
972 1869 1087 1933 milites
1109 1870 1209 1934 divisa
1232 1873 1263 1934 et
1284 1867 1454 1932 distributa

337 1993 404 2034 esse
421 1971 533 2053 colligo
561 1994 600 2034 ex
630 1972 772 2035 versibus
793 1971 844 2052 45,
874 1972 924 2052 70,
948 1970 1045 2057 (7852),
1069 1977 1178 2037 contra
1200 1994 1279 2055 quos
1305 1992 1453 2036 numerus

320 2123 322 2128 .
339 2074 505 2156 singularis
522 2075 553 2138 in
569 2098 617 2139 vv.
635 2076 685 2155 31,
702 2075 752 2156 73,
769 2075 811 2138 80
826 2098 865 2138 ex
880 2097 939 2138 usu
955 2079 1116 2158 poetarum
1132 2077 1253 2158 poeltus
1268 2075 1346 2140 nihil
1360 2074 1454 2138 valet.

438 2178 467 2242 3.
498 2177 611 2242 Tribus
650 2178 758 2260 primis
789 2177 932 2241 versibus
965 2177 1054 2242 lectis
1088 2178 1200 2261 aliquis
1237 2178 1454 2242 reminiscatur

336 2279 431 2365 Soph.
446 2281 520 2345 Oed.
537 2280 601 2345 Col.
617 2281 698 2346 1369
714 2303 759 2363 sq.
777 2270 871 2354 corrig
887 2278 915 2340 δ’
939 2267 1022 2365 oloris
1036 2278 1127 2364 σφῶν
1141 2269 1275 2366 πρόσθε
1288 2282 1316 2344 τ’
1332 2276 1454 2364 ἐξανῆκ’

335 2375 395 2467 ἐγώ
418 2382 470 2445 rio
492 2385 518 2446 τ’
541 2371 761 2464 εἷιάκαλοῦμαι
785 2373 969 2464 ξυμμάχους
991 2380 1099 2447 ἐλθεῖν
1121 2376 1203 2464 ἐμοί.

436 2487 466 2551 4.
498 2486 689 2551 Elisionibus
730 2488 824 2552 oilolr‘
858 2493 930 2553 orele
966 2492 998 2553 et
1039 2490 1163 2572 aquilae
1197 2495 1268 2554 orcle
1307 2485 1453 2551 librarius

335 2590 462 2673 quidam
497 2594 529 2654 91
557 2591 707 2655 Francius
728 2591 805 2654 adeo
830 2591 940 2654 offensi
964 2592 1208 2673 9999919199191,
1237 2591 1346 2655 911119
1368 2591 1453 2654 9119-

334 2695 426 2777 lique,
448 2693 499 2757 hie
520 2694 703 2777 aquilaeque
724 2716 787 2757 non
810 2694 890 2757 male
913 2697 1056 2759 mutaret.

434 2798 464 2862 6.
488 2796 653 2862 Sententia
684 2802 745 2862 est:
782 2798 936 2863 discordia
970 2821 1072 2863 rerum
1110 2802 1193 2864 retro
1230 2819 1451 2863 conversarum

334 2923 359 2965 9.
377 2923 405 2984 q.
423 2923 458 2981 9.,
482 2898 520 2964 cf.
544 2922 572 2964 v.
597 2900 667 2964 100.

435 3006 465 3069 7.
486 3005 591 3068 Multo
609 3004 702 3088 prius
716 3005 801 3088 fieret.
838 3001 972 3087 Optimis
994 3003 1082 3068 libris
1098 3004 1232 3069 testibus
1248 3005 1450 3088 interpretor:

331 3106 432 3171 Vieles
454 3106 532 3170 wird
554 3105 627 3170 eher
646 3105 833 3187 geschehen,
856 3106 902 3169 919
933 3106 1034 3169 moine
1066 3107 1140 3172 flate
1169 3107 1258 3172 nicht
1286 3107 1344 3171 frei
1372 3107 1450 3173 sein.

332 3209 373 3275 Et
395 3209 448 3273 alii
471 3213 503 3272 91
531 3209 689 3273 Baehrens
712 3230 783 3273 cum
814 3209 943 3274 Heinsio
972 3230 1029 3292 pro
1062 3211 1162 3274 mullo
1192 3210 1308 3274 rectius
1339 3217 1452 3276 conclu

331 3313 434 3395 legere
475 3313 536 3376 sibi
567 3312 769 3393 videbantur;
802 3315 918 3393 tamen,
951 3313 1011 3377 9191
1044 3334 1178 3395 aequum
1201 3313 1379 3395 exemplum
1410 3336 1452 3378 ex

332 3415 445 3481 litteris
461 3415 567 3481 latinis
582 3439 666 3481 nunc
689 3416 767 3481 mihi
788 3421 913 3500 praesto
936 3439 1000 3480 non
1022 3414 1106 3499 est¹),
1131 3417 1314 3483 notionibus
1336 3439 1449 3481 verna-

334 3519 425 3584 culis
445 3524 482 3584 ut
510 3519 550 3583 da
574 3519 693 3584 kannst
714 3520 756 3584 du
778 3519 869 3601 lango
892 3519 923 3584 h.
947 3541 972 3582 9.
997 3519 1078 3601 cwig
1100 3525 1223 3585 warten
1245 3510 1350 3584 veles
1372 3521 1453 3584 wird

330 3623 413 3687 noch
446 3621 594 3686 mancher
623 3623 653 3686 h.
681 3645 706 3687 e.
737 3621 874 3687 zahllose
902 3622 1026 3704 tropfen
1050 3623 1098 3686 ins
1121 3645 1206 3687 meer
1227 3624 1351 3704 fliessen
1373 3623 1453 3686 milri

329 3747 512 3809 persuasum
535 3730 583 3790 991
606 3727 700 3791 etiam
722 3725 805 3790 hunc
834 3729 960 3810 poetam
994 3748 1050 3810 pro
1084 3732 1196 3792 999919
1224 3749 1301 3792 voce
1333 3749 1389 3810 per
1416 3749 1452 3790 99

329 3829 418 3911 gravi
445 3850 509 3893 non
531 3829 598 3892 sine
626 3829 727 3893 ironia
747 3829 922 3911 graviorem
944 3832 1045 3894 curello
1067 3830 1243 3912 scripsisse3
1272 3829 1333 3894 huc
1355 3829 1452 3894 etiam

330 3936 452 4016 spectat
490 3955 565 3997 usus
601 3932 717 3998 latinus
758 3934 840 3998 firmi
870 3934 991 3998 numeri
1026 3935 1185 3998 sescenties
1220 3934 1357 4016 ponendi
1393 3956 1452 4018 pro

330 4039 439 4100 nostro
471 4036 676 4100 lausendmal.
726 4035 853 4101 Scilicet
882 4058 933 4101 me
966 4037 1052 4120 piget
1073 4039 1151 4121 fieret
1177 4038 1210 4102 in
1241 4040 1295 4122 fiel
1326 4042 1452 4104 mutato

327 4139 491 4204 modoad
513 4140 666 4204 diseordr'o
687 4138 820 4220 trahere,
843 4143 880 4205 ut
901 4141 1058 4204 sententia
1080 4141 1140 4205 sil:
1174 4140 1273 4204 multa
1295 4140 1453 4205 discordia

432 4293 449 4359 ¹)
467 4291 524 4345 Nisi
552 4290 673 4346 simfliter
700 4291 753 4348 uin
777 4293 827 4347 nat.
852 4292 920 4348 door.
939 4291 1004 4346 128
1031 4292 1166 4359 multoque
1189 4291 1306 4344 eiusdem
1328 4297 1453 4346 morrslra

326 4393 373 4446 pro
385 4377 525 4446 pluraque.
1349 4392 1353 4396 ·
