3266 4914
743 312 954 378 ..28-

295 503 382 547 suam
413 483 473 549 hoc
503 489 686 552 ornamento
716 484 821 550 affecit
851 487 969 550 nu'ceite
1006 485 1179 550 norrr'ssima
1211 485 1300 552 nobis
1329 484 1359 549 h.
1384 507 1409 550 e.

295 588 435 666 meckert
456 591 515 654 mir
537 590 596 654 den
619 589 887 671 abschiedsgruss.

396 693 447 758 94.
481 693 569 775 Verg.
594 693 648 758 ecl.
672 693 747 756 167
771 715 838 776 sqq.
862 692 1025 757 conferens
1047 691 1209 774 intellego:
1243 693 1411 774 longumne

295 799 419 878 tempus
435 797 502 862 sine
518 797 578 862 illis
596 821 663 865 esse
678 797 755 861 mihi
771 796 942 877 imminet?,
959 819 1029 862 cum
1045 799 1173 880 lorcyum
1188 819 1262 877 non,
1273 799 1309 861 ut
1323 796 1412 875 solet,

295 900 333 962 ad
359 901 489 979 intueor,
518 901 573 966 sed
599 901 638 966 ad
669 923 732 973 esse
754 900 885 966 traham.
944 901 1024 966 Nam
1052 900 1136 984 quod
1158 900 1286 964 verbum
1310 905 1416 964 munet

297 996 475 1068 accusativo
492 1005 558 1070 eius
573 1007 618 1070 rei
632 1005 682 1068 vel
697 1026 857 1087 personae,
877 1026 971 1087 quam
986 1004 1104 1087 aliquid
1126 1008 1241 1084 manet,
1264 1005 1324 1068 hoc
1345 1003 1414 1068 loco

295 1111 389 1187 caret,
415 1129 478 1170 non
500 1111 663 1192 tantopere
685 1107 746 1172 hoc
772 1130 820 1170 me
844 1107 983 1188 offendit,
1018 1130 1038 1172 u
1076 1107 1115 1171 ad
1138 1108 1312 1172 coniciendi
1334 1107 1415 1190 peri-

295 1211 399 1275 culum
422 1210 549 1295 confugi
572 1234 698 1276 necesse
721 1234 789 1275 esse
812 1215 927 1294 putem.

397 1314 448 1378 96.
489 1315 562 1379 Stra
593 1317 654 1378 cras
695 1320 722 1378 et
756 1314 786 1378 st
808 1336 882 1392 ruore,
913 1334 1033 1378 unacum
1064 1315 1207 1378 moriens
1236 1321 1413 1398 utrumque.

294 1416 379 1480 Haec
394 1418 490 1482 verba
505 1419 627 1502 proprie
643 1423 675 1483 et
691 1419 730 1482 ad
752 1419 883 1482 verbum
905 1419 1058 1483 translatu
1079 1418 1161 1482 hanc
1177 1419 1365 1483 sententiam
1380 1419 1415 1480 in

295 1521 403 1604 lingua
435 1521 601 1586 vernacula
631 1521 762 1587 faciunt:
799 1545 889 1584 wenn
923 1522 964 1585 du
993 1522 1059 1585 sein
1093 1521 1180 1586 wirst
1208 1522 1273 1585 und
1300 1519 1416 1603 (auch),

295 1645 386 1688 wenn
409 1623 474 1708 (du)
498 1625 585 1689 nicht
607 1623 687 1705 (sein
710 1623 820 1707 wast),
845 1625 903 1688 mit
925 1625 984 1687 mir
1007 1623 1096 1708 (erst)
1121 1625 1210 1689 wirst
1232 1625 1273 1689 du
1296 1625 1418 1688 beides-

296 1727 366 1794 falls
389 1729 522 1794 sterben.
574 1729 733 1792 Habemus
761 1729 865 1810 igitur,
889 1729 922 1792 ni
944 1728 1044 1808 fallor,
1068 1729 1308 1793 affirmationem
1332 1728 1418 1791 illam

296 1833 520 1898 recordationis
555 1836 700 1896 aeternae
737 1831 871 1896 multum
908 1832 1053 1896 iteratam
1090 1855 1109 1895 a
1146 1833 1247 1914 poetis
1284 1831 1421 1895 amanti·

295 1936 354 2000 bus
389 1940 421 2000 et
453 1936 665 2019 aPropertio‚
702 1936 934 2017 elegantissimo
957 1940 1059 2018 poeta,
1093 1941 1314 2018 exsuperatam
1337 1937 1420 1998 iura-

295 2043 401 2104 mento
439 2040 491 2103 illo
524 2041 621 2104 terius
660 2062 710 2104 ero
742 2041 841 2117 ‘vicus
873 2045 1016 2103 mortuus
1050 2041 1147 2104 tirius
1180 2062 1240 2104 ero.
1300 2039 1419 2103 Idcirco

296 2142 402 2206 eadem
438 2143 595 2207 sententia
627 2142 754 2206 liberius
788 2146 822 2206 et
849 2141 961 2205 clarius
984 2165 1074 2206 versa
1099 2142 1143 2213 sic
1168 2142 1230 2206 fere
1253 2166 1286 2206 se
1309 2143 1420 2207 habet:

295 2243 366 2309 Und
381 2246 477 2310 obdu
493 2245 632 2326 lahstob
646 2246 809 2325 verdirbst‚
822 2246 880 2310 mit
891 2245 949 2308 mir·
965 2267 1023 2309 nur
1038 2246 1133 2310 stirbt
1142 2246 1213 2309 dein
1227 2246 1422 2329 gedochtnis

297 2348 436 2414 Offensio
467 2355 581 2429 autem,
614 2372 692 2433 quae
722 2350 755 2412 in
781 2348 934 2431 singulari
964 2350 1165 2432 responsione
1195 2351 1259 2414 siae
1281 2387 1323 2394 -
1345 2356 1372 2414 et
1391 2353 1423 2414 si

297 2452 388 2534 inest,
413 2453 489 2517 satis
501 2453 585 2518 inde
606 2453 674 2517 tolli
697 2452 773 2516 mihi
788 2452 921 2532 videtur,
947 2453 1032 2534 quod
1047 2453 1201 2535 particula
1218 2454 1293 2518 item
1309 2454 1419 2536 singu-

297 2555 374 2620 laris
406 2562 575 2642 utrumque
601 2557 709 2620 addita
731 2560 788 2636 est,
812 2578 892 2640 quae
915 2556 942 2620 si
962 2579 1027 2620 non
1050 2557 1155 2639 posita
1177 2562 1269 2638 esset,
1294 2562 1330 2622 ut
1352 2579 1421 2622 cor-

299 2659 482 2725 relationem
511 2661 597 2725 illam
619 2661 803 2724 inusitatam
825 2659 1003 2742 explicaret,
1027 2683 1258 2743 supervacanea
1281 2665 1368 2725 esset
1389 2666 1424 2726 et

297 2763 377 2827 male
400 2764 589 2842 abundaret3
623 2786 715 2846 quam
748 2763 788 2827 ob
820 2785 886 2826 rem
919 2765 1124 2845 coniecturas,
1161 2765 1274 2846 quibus
1303 2765 1423 2828 usitata

298 2867 394 2931 dictio
416 2869 481 2932 sina
502 2904 543 2914 -—
564 2869 628 2932 sire
661 2867 710 2930 vel
732 2868 763 2931 st
785 2904 826 2911 —
840 2868 905 2930 sine
927 2867 1073 2948 reficitur,
1104 2873 1271 2933 contemno
1302 2891 1420 2933 omnes

297 2970 343 3034 De
373 2971 491 3035 verbali
518 2993 578 3036 usu
610 2972 746 3036 nominis
780 2987 843 3036 esse
877 2971 904 3035 si
937 2971 1080 3036 iubemur
1102 2973 1235 3037 citamus
1259 2971 1322 3036 Cic.
1346 2972 1420 3037 lam.

297 3075 336 3137 Vl
358 3075 378 3139 3
400 3075 580 3156 Necsem’m,
603 3077 681 3139 darn
703 3096 762 3156 ero,
784 3096 889 3156 arrpur
909 3076 974 3140 ullu
995 3097 1028 3140 rc
1049 3082 1085 3153 et,
1107 3076 1138 3140 εἰ
1158 3098 1224 3140 raon
1245 3098 1304 3157 cru,
1326 3098 1423 3141 sensu

297 3179 387 3242 olunt
408 3178 520 3242 carebo.
564 3179 652 3260 Verg.
669 3178 704 3242 A.
728 3178 757 3240 ll
771 3178 833 3243 325
857 3179 996 3242 Futurus
1014 3179 1111 3244 Troes¹
1149 3179 1300 3262 Lygdami
1322 3180 1355 3256 V,
1379 3180 1421 3244 32

299 3282 371 3346 Siue
393 3283 511 3346 articus
531 3305 587 3346 scu
608 3304 666 3346 nos
687 3284 754 3365 satu
781 3283 880 3364 J'rrr'sse
901 3283 1003 3346 relinet.
1058 3281 1203 3348 Ceterum
1224 3284 1257 3346 in
1279 3284 1317 3346 iis
1340 3305 1426 3367 quae·

296 3385 403 3450 Naeke
426 3386 533 3450 attulit
563 3386 713 3468 exemplis
748 3386 900 3468 particula
932 3393 1100 3470 utriunque
1129 3387 1251 3451 duobus
1273 3387 1422 3451 substan-

298 3488 381 3570 tivis,
413 3512 477 3552 non
500 3489 671 3554 enuntiatis
693 3493 730 3555 ut
751 3494 859 3554 nostro
882 3489 950 3554 loco
974 3490 1081 3556 addita
1112 3494 1175 3571 est3
1209 3491 1276 3573 ipse
1297 3491 1421 3573 aptiora

298 3614 377 3675 quae
400 3614 576 3674 comparem
599 3592 715 3657 trustra
737 3592 885 3676 quaesivi.
960 3674 963 3681 Ι

402 3695 474 3760 100.
508 3718 607 3760 (tusus
665 3696 833 3760 Rothstein
875 3697 1040 3778 proposuit
1071 3703 1200 3774 auctum
1238 3697 1419 3780 nrr'prubont

299 3799 391 3878 enim,
417 3803 452 3863 ut
472 3799 554 3881 apud
569 3798 803 3863 Rothsteinium
820 3799 941 3882 legitur,
966 3821 1068 3863 errore
1083 3799 1201 3863 librarii
1217 3799 1335 3863 factum
1350 3823 1420 3864 esse

299 3906 437 3986 apparet.
483 3902 545 3966 Sed
576 3924 647 3965 mea
680 3903 804 3986 quidem
839 3903 997 3967 sententia
1027 3925 1118 3966 casus
1140 3925 1242 3967 rerum
1276 3907 1350 3967 sunt
1371 3927 1417 3984 ea,

302 4029 381 4090 quae
404 4006 498 4069 rebus
517 4005 671 4085 accidunt,
695 4006 753 4087 vel,
777 4010 813 4071 ut
829 4006 1012 4070 Aristoteles
1029 4006 1161 4086 dicebat,
1186 3994 1418 4091 συμβεβηκότα.

402 4109 474 4175 101.
499 4116 562 4192 trra,
584 4111 692 4193 suade,
715 4111 800 4174 meis.
847 4109 962 4174 Totum
985 4111 1119 4193 epodum
1142 4133 1205 4174 non
1228 4111 1267 4174 ad
1282 4110 1418 4193 puellam

298 4217 444 4294 amatam,
477 4213 532 4278 sed
565 4213 604 4276 ad
626 4213 732 4277 villam
764 4217 904 4296 spectare
930 4235 985 4295 per
1007 4235 1040 4276 se
1062 4213 1229 4277 verisimile
1251 4217 1299 4278 est
1322 4217 1418 4296 atque

298 4316 457 4381 nonnullis
479 4317 577 4399 signis
600 4320 719 4382 certum
741 4316 786 4381 fit.
831 4317 969 4382 Primum
993 4316 1084 4399 enirn,
1101 4339 1172 4381 cum
1189 4339 1253 4382 non
1268 4316 1413 4400 puellam,
