3266 4914
660 351 874 415 ...27-

306 542 359 607 83.
391 543 447 608 ini.
504 541 624 612 Rursus
662 540 831 621 Baehrens,
865 541 917 605 ille
949 563 1012 606 non
1049 540 1231 619 scribarum
1269 537 1325 603 sed

205 646 396 729 scriptorum
425 646 549 728 saepius
571 645 751 727 castigator,
780 645 949 709 dictionem
977 644 1139 728 pulchram
1161 648 1194 709 et
1215 643 1325 726 exqui-

206 749 300 813 sitam
327 751 376 812 rar
409 748 462 813 vili
497 753 529 813 et
560 748 683 831 vulgari
713 747 893 812 coniectura
926 748 1000 812 boni
1027 747 1126 810 eicere
1148 768 1242 810 ausus
1265 751 1322 811 est.

208 851 271 916 Sed
290 852 472 935 Propertius
493 852 507 916 1
530 852 580 933 22,
603 853 623 916 5
645 875 718 917 eum
733 853 880 917 &marra
894 874 967 916 suos
988 853 1049 936 epit
1067 851 1221 932 discordia
1235 851 1323 915 eines.

205 955 284 1020 ltem
315 961 422 1021 noster·
455 957 504 1021 tar·
533 979 570 1020 ea
602 956 756 1021 industria
785 957 920 1039 scripsit,
948 959 984 1021 ut
1005 956 1089 1019 cives
1122 954 1327 1034 adisenrdia,

209 1081 303 1142 quam
327 1062 363 1124 ut
385 1080 548 1142 personam
573 1059 799 1142 alloquebatur,
823 1062 933 1142 captos
958 1081 1026 1123 esse
1048 1057 1247 1140 significaret.

307 1180 361 1246 84.
384 1180 501 1244 Eadem
525 1180 673 1245 similium
696 1181 860 1247 notionum
883 1180 974 1263 copia
996 1180 1034 1243 de
1057 1179 1165 1242 eadem
1188 1202 1221 1243 re
1235 1201 1326 1242 usur-

205 1287 281 1366 pata
298 1283 457 1348 invenitur
471 1306 496 1346 e.
514 1306 542 1366 g.
560 1282 628 1348 Ter.
645 1284 770 1348 Phorm.
795 1284 854 1348 751
878 1305 975 1348 essem
996 1301 1081 1346 anns
1102 1281 1219 1348 deserta
1234 1305 1323 1367 opens

202 1386 308 1470 ipson
329 1386 367 1451 cf.
392 1387 504 1451 Heaut.
528 1386 600 1451 257.

285 1506 357 1572 88.
381 1508 499 1571 audire.
544 1506 644 1570 Poeta
665 1528 801 1588 campos,
837 1529 916 1590 quos
944 1530 983 1571 ne
1013 1508 1112 1572 oeulis
1140 1506 1322 1588 conspiciat,

204 1610 336 1674 collibus
360 1614 392 1675 et
413 1609 574 1675 montibus
601 1609 802 1674 obstantibus
824 1610 1000 1692 impeditur,
1031 1633 1107 1676 vene
1130 1611 1248 1674 seilicet
1271 1633 1325 1702 vaf

206 1712 269 1776 lere
291 1713 451 1778 iubentem
474 1737 507 1777 se
530 1714 619 1794 faeit3
641 1714 748 1796 itaque
770 1715 846 1796 agri,
870 1715 897 1778 si
919 1737 990 1778 eum
1005 1737 1069 1780 non
1084 1717 1323 1797 conspexerunt,

204 1821 309 1881 tamen
348 1817 543 1882 audiverunt.
600 1815 719 1881 Contra
752 1818 886 1900 agrestis
920 1823 969 1882 est
1001 1818 1181 1882 coniectura
1207 1817 1325 1899 Haupti

204 1921 291 1984 harad
305 1920 351 1985 ire
365 1921 398 1984 in
414 1921 572 1986 nonnullis
594 1921 752 1986 veteribus
774 1922 966 1990 edit-ionibus
988 1945 1044 1988 rrae
1064 1923 1152 1988 adire
1174 1920 1325 1986 exhiben-

205 2022 292 2088 tibus
312 2024 447 2106 quedam
470 2023 563 2088 modo
586 2024 648 2087 iam
670 2023 802 2107 prolata.

305 2142 357 2207 89.
383 2141 429 2205 Cf.
453 2165 481 2206 v.
505 2142 546 2208 32
570 2145 602 2207 et
623 2141 697 2226 Lyd.
722 2166 749 2207 v.
773 2143 802 2207 2.

304 2245 355 2311 90.
379 2250 416 2324 et,
436 2247 513 2329 salin
534 2267 657 2325 aminea,
679 2247 777 2330 apelli.
820 2245 866 2309 De
889 2245 1026 2329 praedio,
1058 2244 1120 2309 nisi
1151 2246 1231 2311 forte
1253 2249 1326 2331 quis

205 2348 385 2430 imprudens
417 2373 466 2414 vv.
491 2350 531 2414 22
555 2354 611 2414 aut
638 2350 678 2414 72
701 2351 788 2429 citat,
811 2372 965 2433 nusquam
988 2372 1135 2414 numerus
1157 2341 1324 2433 singularis

205 2451 365 2516 adhibitus
381 2457 438 2532 est,
461 2452 499 2516 cl.
517 2475 565 2517 vv.
582 2453 601 2516 2
617 2475 675 2535 sq,
700 2454 749 2534 10,
772 2454 821 2533 16,
837 2454 876 2517 21
894 2475 951 2536 sq,
974 2454 1024 2533 45,
1048 2454 1089 2518 49
1105 2475 1183 2537 sqq,
1206 2454 1256 2533 51,
1273 2454 1323 2534 61,

205 2556 256 2638 63,
279 2557 330 2638 68,
347 2557 396 2638 70,
414 2558 463 2638 77,
481 2559 521 2622 79
536 2580 593 2641 sq,
617 2558 667 2638 82,
690 2558 742 2637 84,
765 2558 816 2638 86,
839 2559 890 2638 88,
913 2558 954 2623 89
969 2579 1026 2640 sq,
1050 2558 1100 2639 90,
1123 2559 1164 2622 94
1180 2580 1225 2640 sq.
1262 2556 1325 2621 lta·

206 2681 266 2743 que
288 2659 348 2724 hoe
370 2682 495 2744 quoque
516 2660 585 2726 loeo
607 2662 696 2745 apelli
716 2661 784 2725 fieri
806 2683 869 2725 non
892 2664 1055 2744 potestat
1076 2657 1239 2743 genetivus
1261 2661 1325 2724 sin-

205 2765 323 2848 gularis
345 2765 388 2831 sit
408 2767 547 2849 pendens
571 2789 609 2830 ex
632 2788 755 2848 nomen,
784 2766 839 2830 sed
860 2767 937 2850 setin
958 2787 1073 2830 riornen
1094 2765 1324 2851 appositionem

206 2890 274 2932 esse
296 2869 382 2933 vocis
403 2871 494 2954 apelli
514 2873 641 2936 auctore
662 2869 792 2934 Heinsio
814 2869 1010 2934 arbitramur.

308 2991 359 3056 93.
395 2991 433 3055 de
451 2997 541 3076 patre
570 3013 598 3074 p.
623 2992 643 3056 8
669 3013 714 3074 sq.
740 2990 890 3056 nonnulla
912 2991 1126 3056 animadverti.
1152 3027 1190 3038 -
1218 2991 1323 3076 Tuque

204 3094 309 3159 resiste
329 3099 417 3179 pater
437 3101 465 3159 et
481 3095 601 3179 prima,
623 3095 797 3160 norrissirnu
818 3095 918 3175 raedis,
946 3100 983 3161 ut
1004 3095 1127 3174 codices
1156 3097 1323 3176 testantur,

205 3197 357 3261 retineam
372 3198 499 3281 paululo
514 3198 713 3264 artificiosius
728 3199 951 3282 interpretans:
976 3199 1086 3264 resiste
1107 3203 1196 3282 pater
1209 3199 1323 3282 gregis,

205 3301 316 3366 resiste
346 3301 446 3384 prima
477 3301 604 3384 capella,
641 3302 733 3368 nobis
765 3303 944 3384 novissima,
977 3303 1032 3381 ita
1066 3306 1102 3368 ut
1134 3325 1188 3386 per
1221 3303 1323 3366 lusum

208 3405 432 3488 sententiarum
454 3406 588 3471 dicatur:
612 3407 700 3488 gregi
715 3407 823 3490 prima,
847 3408 939 3472 nobis
964 3408 1135 3472 novissima
1157 3432 1198 3472 es.
1242 3407 1323 3471 Nolo

203 3493 398 3574 iamendlim
414 3514 539 3592 recepto
564 3533 603 3574 ex
619 3509 809 3576 editionibus
831 3511 970 3594 antiquis
984 3534 1024 3576 en
1039 3533 1095 3594 pro
1109 3518 1136 3576 et
1151 3533 1200 3574 me
1212 3510 1323 3593 legisse

205 3633 244 3676 en
264 3617 357 3696 prata
386 3613 559 3677 norissima
579 3605 671 3677 ¹nobis
695 3613 714 3676 i.
738 3636 762 3676 e.
789 3612 857 3677 hier
871 3614 914 3679 ist
935 3613 984 3676 die
1006 3636 1119 3696 grenze
1142 3615 1196 3678 der
1217 3613 1321 3678 felder.

204 3713 265 3779 Sed
281 3714 392 3778 melius
407 3714 475 3779 Birt
490 3715 653 3798 proposuit
666 3715 708 3780 sit
720 3716 827 3800 prima
842 3716 918 3798 (scil.
936 3714 1136 3799 capellarum)
1152 3719 1325 3782 rior’rssima

204 3818 302 3898 nobie,
337 3817 421 3901 quod
443 3818 489 3882 sie
511 3818 621 3886 vertit:
651 3818 715 3883 und
737 3818 787 3882 die
808 3818 885 3902 geis‚
915 3818 965 3882 die
988 3819 1038 3883 die
1060 3825 1151 3900 erste,
1175 3821 1221 3884 sei
1237 3821 1323 3903 jetzo

205 3920 254 3984 die
276 3921 380 4001 letata,
404 3942 466 4003 qua
489 3919 527 3984 de
549 3920 708 3986 sententia
729 3943 905 4005 comparem
928 3921 1037 4005 Odyss.
1061 3922 1104 3986 IX
1126 3923 1187 3986 447
1211 3945 1278 4006 sqq.

261 4035 330 4124 κριὲ
353 4034 468 4115 πέπον,
489 4034 522 4101 τί
542 4059 627 4118 μοι,
637 4028 704 4102 nida
728 4029 784 4102 aad
808 4036 910 4114 σπέος
932 4031 1029 4102 ἔσσυο
1050 4029 1159 4127 μήλων

264 4134 441 4221 tisanana·
464 4132 555 4206 oiim
579 4131 688 4228 πάρος
709 4164 745 4226 γε
767 4139 972 4224 λελειμμένος
995 4135 1104 4230 ἔρχεαι
1127 4140 1214 4222 οἰῶν,

263 4233 346 4309 dliii
369 4235 454 4310 nali
476 4243 650 4344 requires·
671 4269 735 4330 eqs.

182 4365 355 4448 ¹Baehrens
377 4370 491 4451 autem,
515 4366 591 4456 quid
605 4365 656 4434 hie
672 4372 860 4454 expectaret,
883 4369 1116 4458 significaturus
1139 4369 1310 4437 editionem
