3266 4914
754 365 963 435 ..68-

398 537 593 608 Horatius
615 545 673 606 sat.
696 542 710 604 l
733 543 775 606 10
796 565 863 626 sqq.

351 649 362 658 '
462 647 578 728 Lucili,
601 668 698 729 quara
718 647 764 710 sis
787 649 962 729 mendosam,
984 653 1054 711 teste
1078 646 1200 725 Catone,

462 749 632 833 Defensore
654 755 715 825 ιιιο,
738 751 929 832 permaneam,
951 751 1009 833 qrrr'
1031 752 1112 814 anule
1135 750 1232 833 factos

463 852 642 916 ffirrerrdurc
658 859 754 936 paral
776 875 884 917 uersus
906 875 969 935 eqs.

398 971 463 1034 lam
495 972 527 1035 in
554 995 590 1037 eo
624 977 681 1052 est,
703 977 751 1036 ¹ut
781 973 821 1036 ad
852 973 976 1054 singula
998 972 1184 1055 exponenda
1207 973 1415 1052 accingamur.

297 1072 341 1136 Ac
364 1075 497 1158 primurn
520 1076 659 1158 Lydiam,
690 1099 783 1159 quam
807 1075 886 1141 Cato
910 1077 1071 1158 scripsisse
1093 1077 1237 1155 traditur,
1261 1097 1324 1139 non
1346 1096 1418 1156 par-

296 1175 403 1240 vulum
433 1179 634 1261 poematium,
668 1180 721 1242 sed
756 1178 870 1243 librum
897 1180 1024 1243 maioris
1054 1179 1203 1244 circuitus
1226 1179 1323 1243 fuisse
1346 1199 1417 1261 pro-

296 1280 375 1346 bant
396 1283 492 1347 verba
514 1282 640 1347 Ticidae
664 1285 767 1367 Lydia
789 1286 948 1347 doctorum
969 1286 1111 1348 arr-urium
1134 1305 1210 1348 cara
1233 1283 1316 1364 liber,
1340 1302 1418 1363 quo·

297 1385 383 1448 niam
416 1386 506 1468 pauci
538 1386 683 1449 versiculi
716 1387 793 1450 liber
814 1391 869 1450 aut
890 1388 1033 1451 mucium
1055 1409 1130 1450 crura
1153 1388 1312 1451 {melorum-
1335 1384 1364 1447 h.
1389 1407 1414 1446 e.

298 1488 407 1569 poesin
425 1489 669 1552 Alexandrinam
692 1490 917 1554 aemulantium
933 1491 953 1568 ¹)
977 1490 1131 1555 nominari
1154 1511 1218 1553 non
1241 1489 1418 1552 debuerunt

296 1613 398 1672 neque
421 1613 440 1654 a
463 1590 624 1671 Suetonio,
649 1614 711 1675 qua
733 1597 781 1656 est
802 1593 956 1656 brevitate
979 1593 1142 1673 referendi,
1167 1593 1282 1655 diserte
1298 1612 1416 1653 memo-

298 1696 358 1758 rati
374 1695 508 1760 fuissent
529 1697 578 1760 his
594 1698 758 1778 praecipue
781 1698 942 1761 laudibus:
966 1720 1003 1762 en:
1024 1699 1139 1781 qinom
1159 1698 1325 1781 praecipue
1346 1715 1417 1780 pro-

296 1799 413 1863 duntur
443 1800 549 1882 Lydia
571 1806 598 1863 el
629 1800 747 1862 Diona.
792 1800 912 1863 Deinde
935 1799 1088 1864 Catonem
1110 1802 1142 1863 in
1164 1800 1263 1882 Lydia
1284 1801 1416 1862 amicam

295 1923 385 1964 suam
415 1903 565 1966 cecinisse
600 1903 752 1966 satiset
738 1903 831 1967 titulo
863 1904 931 1985 ipso
970 1927 1071 1987 neque
1100 1904 1203 1967 minus
1240 1926 1279 1965 ex
1304 1902 1417 1965 Ouidio

300 2009 466 2087 apparett
467 2007 532 2070 rist.
510 2006 584 2070 tll
606 2006 669 2070 435
692 2029 737 2088 sq.

364 2126 468 2190 Cinna
490 2148 611 2210 qaoque
632 2127 681 2190 lais
712 2149 777 2191 corn
767 2150 810 2191 res
832 2134 875 2191 est
900 2129 1063 2211 Circusque
1083 2129 1243 2211 precemur
1264 2131 1376 2205 Anser,

398 2229 442 2293 Et
462 2231 540 2293 lare
563 2229 715 2312 Cornifici
731 2251 853 2314 parque
876 2230 1050 2295 Catonis
1077 2251 1095 2294 0
1102 2252 1186 2315 pur.

296 2348 376 2412 Tum
401 2348 488 2411 illurn
517 2370 580 2412 non
603 2371 666 2412 uno
689 2354 806 2430 tenore,
841 2351 896 2414 sed
918 2351 981 2415 ritu
1003 2351 1142 2414 omnium
1165 2349 1229 2412 fere
1252 2352 1416 2431 poetarum

295 2452 427 2534 singulis
458 2451 686 2516 carminibus
678 2475 711 2516 m
743 2454 862 2535 cyclum
885 2454 1060 2518 coniunctis
1083 2453 1216 2536 puellam
1241 2452 1416 2516 celebrasse

298 2561 330 2620 t
298 2578 400 2620 res
422 2556 491 2638 ipsa
513 2560 545 2621 et
567 2556 628 2620 alia
651 2557 815 2640 praecipue
840 2558 982 2640 exempla
1005 2557 1096 2640 plane
1120 2557 1286 2637 docento
1288 2557 1416 2619 tMim-

294 2659 394 2723 nermi
417 2648 585 2725 suadet
607 2659 671 2724 Ant
673 2661 786 2724 imachi
810 2650 902 2746 Andr
926 2666 958 2725 et
979 2662 1243 2725 Hermesianactis
1259 2649 1418 2722 Aedrrrur

294 2768 327 2828 et
358 2764 501 2847 Properti
534 2764 702 2845 elegiarum
738 2766 817 2830 liber
850 2767 968 2848 primus
1001 2767 1034 2829 in
1065 2765 1264 2846 membranis
1300 2764 1415 2846 quibus

298 2867 399 2932 critici
430 2889 538 2932 vereor
570 2891 609 2931 ne
640 2870 756 2935 iniuria
789 2870 943 2951 diffidant,
967 2872 1011 2934 sic
1033 2871 1202 2952 inscriptus
1225 2869 1415 2951 Properti

294 2969 458 3053 Cynthia
479 2971 740 3037 monobiblos.
785 2973 832 3037 Ea
852 2996 922 3037 cum
940 2996 981 3053 re,
1002 2996 1096 3057 quarn
1116 2974 1154 3037 de
1170 2973 1267 3056 Lydia
1283 2972 1414 3036 Catonis

293 3073 359 3138 sive
381 3078 466 3138 certo
489 3075 604 3138 scimus
627 3076 692 3139 sive
716 3099 779 3139 non
801 3081 917 3141 temere
934 3078 1132 3157 coniecimus,
1157 3077 1188 3140 id
1205 3077 1321 3158 optime
1337 3096 1413 3138 con-

293 3177 388 3257 venit,
420 3178 504 3259 quod
536 3200 575 3240 ex
604 3179 672 3260 ipsa
699 3179 806 3260 Lydia,
839 3182 976 3243 carmine
999 3184 1133 3260 servato,
1165 3179 1249 3262 quod
1272 3180 1413 3260 eclogam

294 3280 406 3345 lacobs
437 3282 621 3361 nominavit,
652 3287 790 3366 apparet.
842 3284 943 3360 Quare
972 3284 1102 3348 arbitrio
1130 3283 1241 3363 Naeki,
1275 3283 1359 3364 quod
1382 3305 1411 3365 p.

292 3383 353 3447 257
377 3385 457 3466 lego,
481 3385 660 3449 subscribo:
685 3387 850 3452 Praeterea
871 3388 931 3452 hoc
951 3410 1076 3452 carmen
1092 3391 1233 3450 nostrum
1249 3387 1294 3451 ita
1309 3387 1412 3468 ipsum

292 3493 505 3570 comparatum
538 3492 595 3569 est,
629 3495 665 3554 ut
700 3489 762 3554 alia
795 3492 1001 3573 praecessisse
1024 3491 1170 3568 carmina,
1194 3489 1256 3552 alia
1277 3494 1412 3571 sequuta

292 3611 359 3653 esse
392 3596 550 3674 appareat.
605 3592 703 3670 Quem
738 3595 821 3657 enim
853 3599 979 3679 poetam
1011 3598 1075 3658 tam
1108 3593 1259 3655 disertum
1292 3597 1323 3656 et
1344 3597 1411 3656 tam

291 3694 485 3775 querelarum
518 3693 684 3759 fecundum
718 3696 867 3779 videmus,
906 3719 1001 3779 quum
1039 3694 1206 3777 aliquando
1242 3695 1412 3759 carendum

292 3802 375 3862 esset
405 3802 479 3863 cont
465 3798 611 3863 tubernio
633 3800 757 3882 Lydiae,
786 3823 855 3864 eum
887 3823 943 3865 nec
965 3805 1032 3864 tum
1055 3798 1200 3878 tacuisse,
1225 3819 1320 3880 quum
1344 3805 1412 3864 erat

289 3909 493 3919 ———

395 3952 412 4016 ¹)
430 3949 562 4004 Mehercle
581 3950 760 4006 Alexandrina
777 3953 943 4007 doctrinar
912 3957 943 4006 ut
959 3943 1081 4021 Lydia't
1061 3955 1098 4004 ita
1114 3950 1192 4004 Dirae
1210 3951 1349 4020 abundant,
1373 3953 1409 4004 si-

289 4037 366 4089 modo
384 4039 461 4104 poeta
480 4041 568 4090 noster
586 4043 613 4090 et
630 4040 780 4092 Antimachi
800 4039 967 4093 Alexandrini
993 4037 1111 4091 libellum
1133 4018 1228 4116 Aridi,
1255 4043 1282 4092 et
1304 4041 1409 4108 Eupho·

288 4123 369 4175 n'onis
394 4124 562 4176 Alexandrini
586 4124 705 4178 libellum
725 4106 817 4198 Ἀραὶ
839 4107 857 4203 ἢ
851 4108 1163 4208 ποτνριοκλέιιτης
1184 4127 1307 4196 cognovit
1329 4131 1408 4195 atque

289 4207 367 4261 etiam
387 4208 506 4262 Catullus
524 4210 674 4279 Propertius
698 4173 809 4265 Ouidius
832 4213 954 4281 exempla
980 4213 1131 4268 (allimachi
1157 4215 1320 4282 aliorumque
1344 4214 1408 4266 Ale-

287 4294 473 4348 xandrinorum
500 4297 583 4349 secuti
610 4302 678 4350 sunt
721 4297 842 4351 Ceterum
865 4299 1003 4352 manifesta
1030 4301 1109 4354 rerba
1131 4301 1234 4355 Ticidae
1268 4300 1362 4354 Rothst
1351 4301 1407 4353 tein

287 4379 356 4434 mule
374 4382 562 4451 interpretatus
581 4386 627 4437 est.
