3266 4914
749 291 958 363 ...43-

352 462 437 534 Haee
459 492 583 553 quoque
605 474 778 553 praetereo:
802 476 912 536 notum
934 473 1090 537 Minoidos
1112 477 1230 539 astrum

350 573 499 656 Quaeque
520 574 620 636 virum
643 574 731 656 virgo
754 575 836 640 siout
857 576 981 658 captiva
1004 581 1111 640 secuda
1134 581 1189 641 est.

349 676 493 755 haedere,
526 676 699 758 caelicolae,
723 678 828 759 potuit
848 701 904 742 vos
927 683 1035 743 nostra
1057 680 1132 762 quid
1155 686 1250 761 aetas,

356 777 505 842 Condicio
528 778 619 842 nobis
645 779 727 842 vitae
751 802 812 862 quo
836 781 941 844 durior
963 783 1067 846 esset?

395 917 498 980 Ausus
522 938 579 998 ego
603 917 721 998 primus
744 922 849 981 castos
873 918 989 981 violare
1011 919 1145 1000 pudores

353 1019 577 1101 Sacratamque
600 1041 686 1082 meae
708 1021 820 1084 vittam
843 1024 996 1103 temptare
1018 1022 1138 1104 puellae

350 1123 520 1187 immatura
541 1144 610 1184 mea
632 1144 726 1204 cogor
748 1145 823 1186 neue
846 1125 964 1187 solvere
987 1123 1073 1188 fata?

352 1227 445 1290 Isiius
468 1230 562 1307 adque
584 1226 705 1290 utinam
728 1226 803 1290 faedi
825 1249 894 1290 mea
918 1229 1009 1310 culpa
1030 1231 1180 1310 magistra

349 1330 454 1393 Prima
476 1329 571 1394 foret:
596 1329 692 1393 letum
714 1331 780 1393 viia
802 1331 877 1394 mihi
901 1332 1022 1395 dulcius
1046 1337 1135 1396 esset.

351 1433 423 1495 Non
444 1455 521 1512 mea,
546 1454 608 1496 non
631 1433 694 1496 ullo
717 1438 891 1498 moreretur
913 1439 1051 1517 ternpore
1074 1435 1166 1515 fama„

351 1535 461 1599 Dulcia
483 1559 553 1598 eum
574 1537 701 1600 Veneris
725 1536 845 1601 furatus
870 1539 985 1619 gaudia
1007 1540 1124 1620 primus

349 1640 473 1703 Diceret
495 1644 589 1721 adque
612 1662 651 1701 ex
673 1661 722 1704 me
745 1640 842 1703 duleis
866 1639 945 1705 forei
968 1645 1037 1705 oria
1059 1642 1212 1723 volupiae.

277 1759 280 1762 ·
350 1742 430 1805 Nam
451 1743 528 1805 mihi
550 1765 613 1805 non
636 1746 759 1806 tantum
781 1742 960 1807 tribuerunt
981 1745 1077 1826 impia
1099 1744 1173 1823 fata,

350 1846 467 1909 Auctor
489 1851 524 1909 ut
547 1841 661 1910 occulti
683 1849 788 1909 noster
811 1845 892 1910 foret
914 1869 998 1910 error
1022 1849 1144 1911 amoris.

391 1983 529 2065 Iuppiter
547 1986 619 2046 ante
643 1982 690 2044 sui
713 2004 833 2064 semper
855 1983 1016 2046 mendacia
1038 1985 1143 2048 vultus

351 2086 429 2151 Cum
451 2088 578 2167 lunone,
606 2087 690 2168 prius
719 2086 855 2149 coniunx
878 2108 971 2167 quam
994 2087 1096 2152 dicius
1118 2093 1248 2170 uterque
1271 2094 1327 2168 est,

351 2191 473 2254 Gaudia
495 2190 606 2253 libavit
626 2189 746 2252 dulcem
770 2189 890 2253 furatus
913 2211 1058 2253 amorem.
1376 2204 1413 2256 65

350 2296 391 2359 Et
411 2316 532 2360 meeum
554 2298 663 2358 tenera
683 2293 792 2375 gavisa
814 2297 862 2358 est
884 2294 1004 2357 laedere
1027 2296 1059 2357 in
1082 2295 1180 2358 herba

350 2401 526 2480 Purpureos
549 2398 649 2476 flores,
674 2419 752 2478 quos
775 2396 900 2478 insuper
922 2398 1136 2478 accumbebat,

350 2502 485 2566 Brachia
507 2502 643 2565 formoso
666 2522 844 2582 supponens
868 2499 980 2583 Cypria
1001 2501 1103 2566 eollo?

351 2606 430 2670 Tum
452 2605 543 2668 credo
566 2603 667 2666 fuerat
688 2602 811 2667 Mavors
835 2603 989 2667 distentus
1013 2605 1045 2667 in
1068 2606 1179 2688 armis3

350 2711 430 2774 Nam
453 2713 535 2772 cerie
557 2707 711 2770 Volcanus
734 2729 811 2788 opus
834 2707 978 2787 faciebat,
1003 2712 1034 2771 ei
1055 2708 1100 2771 illi

352 2813 446 2876 Tristi
467 2811 617 2893 turpabat
637 2810 735 2873 malas
757 2809 886 2891 fuligine
908 2810 1015 2875 barba.

350 2917 420 2979 Non
444 2915 564 2978 Aurora
585 2935 684 2976 novos
707 2913 801 2975 etiam
823 2912 957 2994 ploravit
980 2936 1100 2978 amores

352 3018 454 3101 Adque
477 3018 592 3081 rubens
615 3015 721 3080 oeulos
744 3037 832 3079 roseo
856 3017 969 3080 celavit
987 3019 1133 3082 amictu?

352 3122 439 3185 Talia
461 3119 637 3184 caelicolae:
661 3118 812 3200 numquid
834 3119 937 3182 minus
960 3142 1052 3183 aurea
1074 3123 1204 3202 promo?

351 3226 433 3306 Ergo
457 3219 541 3305 quod
563 3223 638 3285 deus
662 3226 755 3304 atque
777 3220 878 3302 heros
903 3245 957 3286 eur
979 3245 1041 3285 nou
1064 3225 1166 3287 minor
1188 3226 1299 3289 aetas?
1383 3249 1419 3301 75

393 3363 505 3426 Infelix
528 3384 595 3443 eg0,
618 3383 682 3424 non
704 3361 756 3424 illo
780 3361 833 3444 qui
855 3367 993 3444 tempore
1015 3366 1117 3442 natus,

354 3469 420 3546 Quo
443 3467 543 3530 facilis
565 3468 677 3528 natura
699 3464 767 3529 fuit.
793 3464 867 3528 Sors
891 3488 908 3529 ο
931 3489 1000 3529 mea
1022 3467 1110 3530 laeva

350 3571 505 3636 Nascendi
528 3570 735 3650 miserumque
758 3590 866 3650 genus,
891 3571 965 3650 quoi
988 3593 1056 3633 sera
1078 3570 1175 3634 libido
1198 3572 1258 3634 esi!

352 3679 431 3742 Fata
454 3698 540 3740 meae
564 3673 647 3736 vitae
670 3694 748 3753 quor
771 3672 815 3735 sie
838 3672 937 3736 fenore
960 3675 1109 3756 rapinam,

352 3783 394 3846 Ut
414 3802 566 3858 maneam,
591 3779 675 3860 quod
697 3779 751 3841 vix
773 3777 870 3841 oculis
894 3799 1080 3858 cognoscere
1091 3769 1220 3860 possis?
1383 3797 1420 3852 80

300 3941 332 3992 61
352 3939 405 3991 fata
424 3933 560 3998 Heinsius,
586 3934 646 3983 vota
663 3929 733 3982 codd.
769 3927 802 3979 63
820 3927 910 3980 vultus
937 3926 1069 3979 Baehrens
1087 3929 1177 3992 facus,
1202 3929 1263 3982 funi
1287 3933 1355 3984 codd.
1384 3936 1420 3986 66

300 4026 402 4079 laedere
418 4023 551 4084 Cunzierns,
560 4019 647 4071 ludere
658 4016 727 4069 eald.
746 4014 779 4066 68
789 4013 997 4081 Brachiad'ueda
1009 4015 1119 4068 Grandia
1128 4017 1210 4083 eodd.;
1222 4019 1316 4085 Cypria
1322 4018 1417 4087 Nande,
