3266 4914
726 376 938 442 ..12-

272 551 439 616 acerrimae
468 549 699 632 pulchritudine
729 550 893 615 excellunt.
948 549 1047 614 Poeta
1078 548 1161 612 enirn
1183 544 1386 611 reminiscens

272 654 370 719 felicis
399 655 557 738 temporis,
598 677 669 718 oum
701 655 791 718 iuxta
821 653 1032 719 dulcissimam
1063 651 1232 736 puellulam
1268 651 1387 714 stratus

273 757 442 824 formosam
464 759 575 822 silvam
597 759 735 823 carmina
757 781 815 823 sua
836 780 981 822 resonare
1004 757 1153 837 docuerit,
1176 774 1315 820 maerore
1330 772 1388 815 nec

273 881 336 925 non
358 861 405 924 ira
426 862 647 941 inflammatus,
669 884 710 925 ne
731 861 810 926 silva
831 861 912 926 ferro
935 860 1047 925 nefarii
1069 859 1177 925 militis
1200 860 1317 943 pereat,
1340 855 1389 919 lo-

273 985 352 1044 vem,
374 967 536 1048 parentem
559 964 663 1045 silvae,
686 966 722 1029 ut
743 963 1066 1029 fulminade'screno
1082 963 1168 1028 caelo
1183 961 1292 1027 mittat
1305 979 1387 1023 eam-

273 1087 333 1147 que
362 1066 503 1132 funditus
527 1070 655 1147 evertat,
688 1067 837 1148 advocat3
868 1067 980 1132 deinde
1003 1066 1064 1150 (vv.
1087 1064 1227 1149 37-47)
1250 1066 1329 1144 orat,
1351 1065 1389 1126 ut

273 1169 451 1233 incendium
474 1168 569 1234 silvae
591 1170 694 1234 ventis
716 1171 854 1253 undique
869 1171 1013 1236 inflatum
1028 1171 1117 1251 vites,
1134 1172 1266 1252 segetes,
1282 1165 1388 1232 omnia

273 1272 446 1336 comburat.
492 1273 652 1337 Hactenus
680 1273 782 1357 prima
811 1296 892 1356 pars,
923 1275 1106 1358 imprecatio
1127 1273 1219 1356 igme,
1247 1292 1309 1354 quo
1332 1290 1389 1333 no-

272 1376 356 1439 minc
378 1376 473 1441 etiam
495 1375 692 1441 sterilitatem
714 1381 746 1442 et
767 1378 979 1462 pestilentiam
993 1378 1099 1464 'magis
1114 1377 1181 1461 igni
1197 1398 1291 1459 quam
1306 1396 1389 1457 aqua

273 1480 409 1544 orientes
431 1479 560 1543 liberius
582 1479 820 1562 comprehendo.

373 1602 449 1666 Inde
471 1625 490 1666 a
510 1623 602 1666 versu
624 1602 665 1665 48
688 1603 829 1685 sequitur
851 1604 949 1670 altera
971 1604 1108 1667 dirarum
1130 1623 1202 1685 pars
1218 1602 1258 1665 ad
1273 1622 1387 1682 aquam

271 1707 440 1790 pertinens
475 1728 555 1788 quae
586 1706 699 1770 iterum
729 1707 761 1771 in
791 1708 930 1791 quinque
958 1708 1062 1791 capita
1091 1710 1203 1790 sponte
1225 1704 1383 1782 dividitur.

271 1813 379 1876 Liceat
413 1809 562 1875 adhaec
594 1811 809 1876 inundationis
837 1835 952 1896 genera
982 1812 1168 1877 illustranda
1198 1810 1268 1894 ipsa
1294 1809 1390 1874 verba

273 1920 394 2001 poetae,
418 1915 531 1998 quibus
554 1914 683 1979 meliora
704 1916 819 1998 nescio,
842 1916 1005 1981 adhibere:

338 2040 365 2102 1.
732 2038 847 2122 migret
867 2038 1035 2121 Neptunus
1058 2039 1089 2103 in
1112 2063 1188 2104 arva

392 2144 484 2208 Fluct
485 2144 610 2208 ibust
578 2148 610 2208 et
632 2143 733 2225 spissa
755 2164 882 2224 campos
903 2141 1074 2225 perfundat
1097 2143 1222 2208 harena.

340 2247 368 2312 2.
393 2245 552 2330 Haec(-.·
574 2250 680 2310 monst
681 2269 716 2310 ra
736 2244 844 2328 maris)
877 2249 953 2328 agat
938 2245 1090 2311 tinfesto
1056 2246 1276 2329 tNeptunus
1298 2268 1391 2310 caeca
1488 2262 1491 2270 ·

391 2351 528 2416 tridenti.

335 2456 364 2520 3.
387 2439 553 2520 incurrant
575 2477 683 2519 amnes
705 2454 822 2539 passim
844 2455 1035 2520 rimantibus
1057 2455 1159 2520 undis.

336 2561 365 2624 4.
392 2557 547 2625 Emanent
568 2560 674 2625 subito
697 2561 781 2624 sicca
802 2559 913 2624 tellure
934 2560 1070 2642 paludes
1083 2559 1115 2642 ¹).

336 2664 365 2729 5.
390 2665 603 2747 Praecipitant
618 2664 697 2732 ,altis
719 2664 876 2728 fumantes
900 2665 1063 2730 montibus
1085 2665 1209 2729 imbres.

374 2786 420 2849 Ea
442 2786 573 2851 sirecte
602 2786 747 2870 exposita
773 2785 935 2867 habemus,
970 2785 1052 2850 hanc
1083 2786 1229 2851 carminis
1260 2787 1391 2852 formam

275 2888 377 2955 facere
399 2913 462 2954 non
485 2912 652 2974 possumus
675 2889 751 2972 quin
774 2911 995 2972 agnoscamus:
1403 2883 1404 2888 ¹

407 3012 429 3076 l.
454 3012 590 3095 proodus
613 3011 729 3094 (1—7).

389 3133 425 3197 Il.
450 3155 477 3196 a.
500 3133 583 3214 ignis
605 3132 787 3215 imprecatio
810 3129 950 3216 (8-47).

501 3235 863 3317 13111111111318-14).

498 3335 859 3421 21111111313115-*191

497 3442 526 3506 3.
550 3442 732 3524 pestilentia
754 3441 915 3525 (20-25)

496 3546 525 3610 4.
549 3547 728 3611 incendium
750 3547 847 3611 silvae
869 3545 1031 3630 126-361.

499 3649 527 3714 5.
552 3650 731 3715 incendium
754 3651 866 3735 reliqui
888 3651 978 3716 fundi
1000 3647 1161 3734 (37-47).

376 3854 393 3920 ¹)
411 3852 438 3906 Si
457 3853 515 3922 quis
534 3853 687 3908 brevitatem
705 3857 732 3907 et
749 3855 904 3909 tenuitatem
922 3853 1002 3908 huius
1020 3851 1143 3922 strophae
1161 3871 1185 3908 v.
1198 3853 1231 3906 72
1249 3869 1307 3922 sqq.
1326 3868 1387 3906 curn

276 3934 386 3990 aliarum
397 3939 569 4008 amplitudine
579 3942 606 3993 et
615 3940 734 3994 ubertate
743 3940 932 4010 comparaverit
942 3942 969 3994 11
979 3956 1072 3994 versus
1083 3937 1251 3993 intercalares
1263 3955 1391 4010 nusquam

274 4023 335 4078 alibi
352 4025 436 4079 tribus
459 4029 559 4080 tantum
589 4027 711 4082 versibus
734 4028 803 4082 inter
819 4045 848 4082 se
871 4028 967 4082 distare
985 4026 1086 4095 viderit,
1105 4043 1156 4081 non
1174 4027 1307 4095 dubitabit,
1327 4029 1390 4097 quin

274 4111 411 4166 1111173
424 4113 825 4181 111·313111111111,11111111111
838 4114 930 4168 militis
943 4113 1072 4168 11111111.
1100 4113 1170 4168 Nam
1181 4113 1291 4168 verbum
1301 4121 1390 4180 1111111,

274 4196 332 4250 1111
351 4197 394 4251 bic
418 4215 562 4268 pronomen
583 4202 625 4254 est
646 4200 757 4254 militem
779 4200 928 4269 significans
951 4200 1007 4254 sive
1024 4199 1177 4254 adverbium
1194 4202 1235 4254 est
1257 4199 1339 4256 locale
1356 4205 1390 4258 ad

277 4280 326 4334 abi
351 4286 478 4352 spectans,
501 4288 573 4339 recte
595 4285 693 4354 percipi
719 4288 766 4338 vix
788 4287 882 4354 potest,
909 4286 959 4339 nisi
981 4284 1125 4340 accuratior
1153 4285 1305 4341 memoratio
1327 4291 1389 4345 novi

274 4369 432 4437 possessoris
450 4369 567 4439 praeivit.
605 4371 690 4439 Quam
715 4371 746 4426 ob
764 4387 820 4426 rem
839 4371 988 4443 speciminis
1005 4387 1084 4428 causa
1100 4370 1262 4426 versiculum
1279 4373 1337 4428 foci
