3266 4914
729 385 940 455 ,14-

380 561 410 629 b.
427 561 560 630 Tristius
574 561 644 644 hoc,
660 563 797 644 memini,
806 583 993 645 revocasses,
1009 559 1148 644 Battara,
1164 582 1288 627 carmen
1299 583 1328 626 v.
1337 559 1388 626 54.

427 667 522 749 Rura,
562 665 676 750 quibus
709 666 792 733 diras
827 666 1007 748 indiximus
1046 667 1143 751 impia
1173 671 1248 733 vota
1279 687 1308 730 v.
1336 665 1387 731 62.

477 771 629 854 repetitus
652 792 692 835 ex
713 793 741 836 v.
765 770 794 835 2.

425 872 554 939 Dulcius
569 874 639 956 hoc,
652 873 790 957 memini,
806 895 995 956 revocasses,
1011 874 1149 958 Battara,
1165 896 1290 940 carmen
1300 897 1329 942 v.
1339 876 1389 940 71.

426 976 560 1043 Tristius
588 977 649 1043 hoc
678 999 801 1042 rursum
824 978 902 1044 dicit
922 999 992 1043 mea
1012 978 1119 1045 fistula
1139 1000 1265 1044 carmen
1285 1002 1314 1045 v.
1338 980 1388 1045 75.

426 1080 478 1146 Nil
493 1084 542 1147 est
556 1083 641 1166 quod
655 1083 783 1166 perdam
797 1083 942 1148 ulterius:
958 1084 1071 1150 merito
1087 1083 1192 1150 omnia
1205 1082 1287 1149 Ditis
1310 1105 1338 1148 v.
1349 1082 1391 1148 66

476 1189 550 1268 post
570 1208 598 1250 v.
623 1185 673 1251 81.

317 1285 367 1352 Ill.
412 1286 596 1353 Extremum
618 1310 744 1353 carmen
765 1310 955 1383 revocemus,
978 1289 1116 1370 Battara,
1140 1311 1239 1355 avena
1260 1312 1288 1354 v.
1309 1277 1358 1353 97.

375 1434 572 1499 Intercalaris
593 1455 667 1500 vero
689 1457 764 1499 suae
788 1435 919 1517 quisquc
942 1434 1089 1518 strophae
1102 1417 1302 1501 antecedenti
1316 1435 1391 1501 sub·
1481 1426 1483 1432 ’

172 1592 175 1598 ,
216 1577 220 1590 ·
274 1536 362 1620 iungi
384 1538 473 1618 solet,
504 1538 566 1602 nisi
596 1537 681 1621 quod
709 1561 737 1603 v.
761 1538 802 1602 97
834 1538 934 1620 primo
961 1538 1107 1602 carminis
1136 1540 1240 1603 versui
1265 1543 1302 1606 ut
1323 1562 1393 1604 sen·

274 1642 375 1706 tentia
405 1642 451 1706 ita
471 1642 541 1706 loco
564 1646 707 1707 accurate
730 1642 922 1726 respondens
944 1641 1055 1706 melius
1078 1643 1222 1726 sequenti
1244 1643 1391 1727 strophae

274 1768 365 1812 versu
397 1745 574 1811 intercalari
604 1746 638 1810 in
667 1745 729 1809 fine
759 1747 878 1811 carenti
899 1746 1098 1827 attribuitur3
1130 1746 1168 1811 de
1203 1769 1265 1830 quo
1299 1767 1391 1811 versu

274 1851 369 1916 etiam
397 1849 430 1913 id
464 1849 678 1915 animadverto
721 1848 954 1915 substantivum
985 1871 1111 1915 carruca
1141 1872 1245 1914 carere
1277 1872 1392 1934 prono·
1462 1845 1465 1852 ’

273 1956 357 2020 mine
384 1953 629 2019 demonstrativo
658 1955 722 2035 boc,
754 1954 839 2038 quod
865 1955 899 2018 in
930 1954 1075 2019 omnibns
1108 1955 1219 2020 ceteris
1236 1945 1390 2021 ⁴eiusdem

274 2059 391 2142 speciei
409 2059 647 2124 intercalaribus
670 2058 710 2122 ad
732 2059 950 2124 antecedentia
964 2059 1180 2141 spectantibus
1196 2060 1254 2137 (vv.
1272 2060 1320 2125 14.
1338 2061 1388 2126 25.

274 2164 323 2228 30.
347 2164 397 2227 47.
422 2162 473 2228 54.
500 2164 548 2227 71.
574 2161 628 2246 75)
658 2183 723 2227 non
755 2163 956 2228 desideratur.
1011 2162 1058 2226 De
1087 2164 1251 2229 sententiis
1284 2166 1390 2229 autem

274 2266 381 2350 quales
404 2269 468 2333 sint
489 2267 684 2350 singulorum
698 2267 929 2333 intercalarium
944 2290 1001 2333 suo
1016 2268 1085 2333 loco
1103 2268 1279 2334 disseretur.
1313 2268 1388 2350 lam,

273 2377 310 2437 ut
336 2372 437 2436 dicam
467 2372 508 2436 ad
528 2373 732 2456 propositum,
759 2373 911 2437 nonnulla
932 2373 1065 2455 vestigia
1097 2373 1189 2456 legis,
1212 2395 1275 2456 qua
1296 2376 1390 2456 poeta

274 2476 314 2540 ad
349 2475 581 2542 intercalarium
620 2477 805 2542 varietatem
849 2476 1102 2559 distinguendam
1146 2499 1222 2542 usus
1258 2477 1315 2559 sit,
1353 2499 1390 2540 ea

273 2583 497 2663 agnoscuntur,
520 2583 558 2646 ut
578 2580 780 2646 intercalares
802 2581 918 2662 prioris
939 2581 1038 2662 partis
1061 2603 1188 2645 sensum
1211 2581 1386 2663 optativum

274 2683 326 2765 (cf.
350 2687 536 2767 repetamus,
567 2706 624 2748 nec
653 2684 742 2764 desit,
776 2687 932 2766 superent,
960 2681 1129 2765 resonabit,
1152 2684 1312 2770 superent)
1334 2683 1389 2749 ha-

273 2788 370 2852 beant
392 2791 424 2852 et
445 2788 545 2870 magis
567 2788 777 2871 quantitatem
798 2787 911 2852 horum
932 2792 1077 2853 votorum
1092 2789 1270 2874 respiciant,
1294 2789 1388 2854 ceteri

274 2893 459 2972 argumento
489 2891 685 2956 enuntiativo
709 2891 760 2975 (cf.
784 2912 972 2973 revocasses,
995 2892 1177 2974 indiximus,
1199 2913 1387 2972 revocasses,

273 3015 397 3058 rursum
427 2994 512 3075 dicit,
544 2994 590 3059 nil
620 2993 681 3077 est)
713 2995 814 3077 magis
847 2995 887 3058 ad
920 2994 1104 3077 qualitatem
1130 2998 1276 3061 votorum
1296 2999 1390 3060 antea

274 3100 472 3164 cantatorum
493 3095 686 3177 referantur,
709 3097 838 3162 ultimus
860 3100 966 3163 autem
981 3098 1185 3179 intercalaris,
1208 3101 1244 3164 ut
1258 3098 1389 3182 pulchra

274 3200 435 3283 responsio
464 3199 529 3280 fiat,
559 3199 747 3265 sententiam
776 3200 876 3283 primo
902 3200 1048 3265 carminis
1075 3201 1180 3267 versui
1201 3202 1389 3267 contrariam

274 3307 422 3388 praestat,
468 3301 577 3368 Obiter
599 3302 734 3386 denique
756 3291 1003 3368 animadvertam
1025 3301 1109 3369 hunc
1123 3308 1250 3388 poetam
1264 3305 1297 3369 id
1312 3326 1389 3388 quo-

274 3429 335 3491 que
364 3405 583 3472 Theocriteum
611 3406 737 3488 imitari,
767 3407 851 3489 quod
873 3409 905 3472 et
927 3407 1048 3472 exitum
1070 3411 1102 3472 et
1123 3407 1248 3473 initium
1270 3409 1388 3492 primae

274 3511 421 3594 strophae
453 3531 546 3574 versu
578 3510 715 3593 quodam
745 3509 922 3574 intercalari
951 3513 1056 3591 ornat3
1090 3510 1217 3592 scilicet,
1255 3533 1318 3594 qua
1340 3514 1388 3576 est

273 3615 428 3696 libertate,
461 3636 525 3679 non
556 3614 689 3678 eundem
721 3635 846 3679 versum
877 3636 970 3697 quem
998 3614 1031 3678 in
1053 3614 1165 3696 fronte,
1194 3615 1250 3679 sed
1271 3635 1387 3679 novum

274 3718 369 3784 simili
395 3720 579 3800 argumento
611 3717 644 3782 in
673 3717 735 3781 fine
763 3722 903 3802 usurpat,
934 3716 975 3781 cf.
1004 3716 1068 3782 Dir.
1100 3741 1149 3781 vv.
1179 3718 1196 3781 1
1221 3721 1253 3782 et
1274 3717 1294 3781 8
1316 3739 1388 3782 cum
1443 3730 1444 3736 ’

274 3822 403 3937 Ἕὴεοοῐ.
426 3819 441 3886 I
464 3821 506 3886 64
524 3825 556 3888 et
577 3822 620 3887 70
641 3809 756 3906 ἄρχετε
776 3818 979 3904 βουκολικᾶς,
1003 3823 1134 3884 Μοῖσαι
1156 3815 1262 3907 φίλαι,
1285 3808 1390 3906 ἅρχετ’

276 3921 407 3998 cordele.
1446 3951 1447 3954 ¹

377 4045 427 4109 Ex
449 4045 499 4110 his
522 4066 602 4127 quae
624 4043 684 4109 feci
705 4044 809 4110 verbis
831 4045 909 4110 satis
931 4046 1130 4129 perspicuum
1146 4068 1212 4111 esse
1227 4049 1304 4129 puto
1320 4066 1388 4109 eam

275 4149 384 4214 haberi
413 4148 649 4233 compositionis
677 4149 840 4229 rationem,
872 4151 917 4230 ut,
950 4149 1072 4214 etiamsi
1101 4150 1141 4215 ad
1175 4149 1292 4214 nullam
1323 4169 1388 4211 rem

275 4253 415 4318 animum
443 4253 635 4317 attendimus
654 4249 721 4336 {nisi
744 4251 783 4315 ad
806 4256 1025 4334 argumentum
1046 4253 1158 4336 ipsum,
1181 4275 1220 4316 ne
1242 4272 1388 4316 numero⁴

275 4379 345 4424 rum
367 4357 494 4440 quidem
516 4356 622 4440 aliqua
643 4355 804 4438 responsio
827 4355 1034 4420 desideretur:
