3266 4914
648 366 852 461 „ip-¹

192 592 296 653 rerum
311 590 461 634 conversa
475 567 561 650 prius
579 568 690 651 gliscet
712 589 806 651 quam
828 589 927 633 avena
947 589 1017 632 mea
1038 589 1102 633 non
1123 568 1221 633 libera
1241 557 1305 650 fiet,

193 675 267 757 quia
281 675 369 759 ficut,
392 695 456 737 non
477 674 532 757 fiet
545 673 697 737 1101111001
712 676 769 753 est,
793 673 867 754 quia
880 674 980 738 11111110
994 673 1134 737 0001010
1150 673 1304 737 adiectivo

194 777 400 859 praecedente
421 775 502 839 male
524 775 688 856 claudicat,
713 777 787 858 quia
809 776 1022 858 praedicatum
1043 777 1097 860 fiet
1118 779 1190 842 ante
1215 798 1304 840 suam

194 881 444 945 coniunctionem
479 901 574 963 011010
607 869 733 944 tolerari
761 880 878 962 nequit.
903 917 945 925 —
966 879 1075 944 Adicio
1108 881 1141 943 in
1174 881 1304 945 eandem

194 983 360 1047 verborum
381 983 586 1047 variationem
608 989 680 1046 0010
702 986 735 1048 01
750 985 846 1067 patos
874 1005 928 1047 me
951 983 1096 1047 incidisse
1125 985 1159 1046 in
1191 982 1302 1050 Catull.

193 1086 288 1150 LXIV
304 1087 373 1151 189.
397 1088 488 1170 Prop.
504 1087 519 1149 I
535 1087 583 1166 lb,
607 1087 656 1151 29.
681 1087 769 1151 Ovid.
788 1111 827 1151 ex
842 1088 944 1152 Ponto
966 1087 994 1150 Π
1019 1089 1066 1168 11,
1083 1087 1112 1151 5.
1158 1087 1302 1170 Calpurn.

195 1190 262 1254 VIII
284 1190 333 1254 75.
358 1190 395 1255 cf.
420 1191 516 1255 etiarn
539 1190 627 1254 Ovid.
652 1213 692 1254 ex
713 1191 816 1256 Ponto
838 1190 880 1254 III
902 1191 931 1271 3,
955 1191 1089 1255 13-15.
1225 1239 1228 1246 .

294 1297 324 1361 8.
357 1296 460 1360 dicum
488 1294 602 1358 collato
631 1296 722 1377 Prop.
752 1295 766 1358 I
795 1296 844 1376 16,
879 1295 920 1360 38
961 1295 1047 1372 Quae
1079 1297 1151 1361 solet
1183 1297 1305 1380 inproto

193 1397 409 1462 1100000νο
434 1399 496 1462 1000
525 1418 581 1480 010
603 1397 744 1462 indicam
771 1396 821 1482 (cf.
845 1420 873 1461 v.
898 1397 930 1478 3)
954 1398 1081 1480 accipio,
1111 1421 1181 1463 curn
1203 1401 1306 1465 notio-

193 1501 286 1565 nibus
302 1501 425 1565 dicendi
440 1498 568 1584 (dicam)
584 1503 616 1565 et
630 1499 764 1565 faciendi
779 1499 886 1584 (suctu)
904 1501 985 1565 10101
1006 1523 1039 1566 00
1062 1503 1214 1584 oppositis
1234 1525 1305 1566 eum

193 1603 326 1668 fortasse
340 1603 565 1668 sententiarum
580 1604 684 1667 lusum
699 1604 849 1668 exsistere
864 1608 980 1685 putem,
1003 1607 1039 1668 ut
1054 1605 1138 1686 quod
1149 1605 1308 1688 Lycurgus

193 1729 289 1771 manu
311 1710 344 1771 et
365 1706 446 1771 ferro
464 1707 507 1771 vid
535 1711 628 1791 poeta
655 1729 707 1771 ore
730 1711 763 1771 et
783 1706 889 1772 fistula
915 1728 948 1771 se
974 1708 1210 1789 impetraturum
1240 1732 1308 1774 esse

194 1809 352 1892 glorietur.
402 1809 559 1873 Baehrens
582 1810 674 1888 enim,
697 1809 751 1891 qui
773 1810 861 1893 sarto
883 1832 939 1892 pro
960 1810 1044 1893 fucta
1065 1811 1207 1892 coniecit,
1223 1814 1305 1878 unde

194 1912 370 1995 Lycurgum
404 1933 519 1976 novum
552 1911 643 1976 villae
679 1934 890 1994 possessorem
923 1933 990 1976 esse
1013 1913 1100 1992 sciat,
1133 1915 1252 1995 nesci03
1276 1917 1308 1981 id

195 2017 259 2080 scio
291 2015 467 2097 Lycurgum
500 2037 567 2078 esse
600 2014 732 2079 militem
764 2037 866 2098 neque
894 2014 958 2080 ullo
981 2015 1126 2079 carminis
1147 2015 1217 2082 loco
1238 2039 1309 2101 pro·

194 2119 264 2183 bari
286 2121 318 2183 01
338 2118 440 2182 tribus
463 2117 549 2197 locis,
573 2117 628 2182 ubi
651 2117 825 2200 complures
847 2118 938 2181 villae
961 2122 1084 2200 ereptae
1107 2118 1225 2183 domini
1247 2111 1325 2186 dici‘

196 2222 236 2285 ad
251 2220 315 2284 v.2
337 2221 517 2297 memoravi,
540 2225 625 2284 certo
648 2219 754 2284 refelli.
800 2219 883 2284 Sane
905 2242 960 2284 rex
982 2221 1034 2284 ille
1050 2220 1213 2299 Thracum,
1235 2224 1310 2288 Dio-

195 2323 266 2404 nysi
287 2321 440 2402 inimicus,
468 2323 631 2387 nonsatis
654 2326 727 2405 apte
752 2328 1020 2404 commemoratur,
1050 2325 1125 2407 quia
1145 2325 1196 2388 hic
1217 2332 1311 2408 poeta

197 2426 358 2488 universas
387 2429 518 2506 segetes,
550 2426 600 2488 ille
623 2448 679 2489 rex
701 2427 781 2492 vites
811 2431 935 2492 1001010
957 2427 1057 2510 001111,
1092 2431 1187 2510 atque
1216 2432 1311 2496 etiam

199 2527 292 2610 paulo
308 2527 470 2591 obscurius
486 2549 579 2609 quam
601 2528 640 2592 ab
664 2527 732 2592 aliis
754 2529 856 2611 poetis
877 2532 914 2594 01
935 2529 975 2593 ab
998 2530 1109 2595 Ovidio
1131 2532 1210 2596 trist.
1234 2533 1259 2595 V
1281 2535 1310 2616 3,

198 2632 241 2695 39
251 2631 320 2694 fieri
333 2629 421 2695 solet.
457 2631 555 2696 Aliter
576 2654 650 2696 vero
671 2637 765 2714 poeta
786 2637 893 2698 noster
914 2656 942 2697 v.
960 2633 1010 2713 52,
1033 2634 1088 2698 ubi
1110 2635 1250 2700 flammas
1272 2638 1312 2702 ad

197 2734 329 2799 fundum
351 2735 590 2816 pervertendum
613 2735 782 2801 advocatas
805 2736 889 2817 dicit,
913 2737 1041 2800 nimiam
1057 2738 1311 2820 perspicuitatem

198 2837 328 2900 moleste
346 2835 513 2916 affectavit,
524 2859 594 2900 curn
606 2838 747 2900 flammas
759 2837 824 2902 lovi
836 2838 990 2920 simulque
1004 2839 1143 2904 Vulcano
1156 2841 1312 2907 vindicare

181 2962 261 3004 vnon
277 2943 389 3022 poetae
404 2939 454 3004 sit.
488 2938 606 3002 Tamen
620 2942 745 3004 nosmet
760 2939 832 3003 huic
848 2941 992 3024 scriptori
1008 2963 1096 3005 suam
1111 2943 1310 3010 insolentiam

199 3065 349 3126 suamque
362 3043 519 3108 inscitiam
531 3029 659 3106 minime
675 3042 833 3108 demamus
848 3045 1072 3127 reiciemusque
1086 3067 1213 3128 pravam
1230 3048 1313 3112 illam

196 3147 457 3212 Baehrensiorum
491 3146 665 3211 doctrinam
707 3147 751 3210 nil
784 3146 849 3212 fere
881 3148 943 3212 nisi
976 3147 1162 3230 elegantiam
1199 3151 1311 3215 aetatis

197 3250 375 3332 Augusteae
398 3249 638 3332 respicientium.

299 3355 329 3419 9.
360 3353 539 3418 morcarus
557 3353 686 3437 0010110.
735 3351 814 3417 Cum
836 3353 960 3434 gaudia,
984 3375 1064 3437 quae
1086 3355 1168 3419 utin
1190 3355 1314 3420 ruribus

199 3456 403 3537 sterilescant,
419 3460 513 3538 00010
524 3461 607 3536 0101,
631 3479 695 3521 000
710 3456 779 3540 1000
793 3479 874 3536 1010,
897 3457 952 3520 0011
968 3457 1086 3521 semina
1100 3462 1225 3522 tantum
1240 3460 1313 3541 sint,

203 3558 318 3640 gaudia
354 3558 531 3623 Trinacriae
565 3561 656 3642 quasi
688 3559 923 3643 proverbialiter
960 3559 1097 3624 divinam
1135 3560 1316 3628 felicitatem

199 3661 436 3744 ubertatemque
461 3663 638 3745 significare
661 3663 738 3726 duce
760 3662 882 3726 Naekio
905 3662 1065 3744 existimo;
1094 3664 1190 3728 verba
1212 3669 1317 3730 autem

203 3765 382 3830 vanarum
412 3768 600 3831 sterilescunt
618 3767 739 3852 0001110
760 3767 792 3830 10
819 3767 964 3830 universa
992 3765 1188 3832 sterilitatem
1210 3773 1319 3851 postu-

198 3867 267 3932 1001
294 3868 387 3950 idque
416 3870 620 3952 sequentibus
649 3870 741 3950 votis,
777 3891 857 3952 quae
890 3873 965 3934 sunt
997 3870 1035 3933 de
1064 3870 1177 3951 aristis,
1211 3872 1318 3953 010110,

203 3969 350 4053 frugibus
368 3971 523 4052 arborum,
547 3972 657 4037 fronde
672 3972 829 4052 silvarum,
852 3971 1041 4052 fluminibus,
1058 3973 1240 4055 singillatim
1263 3974 1321 4037 cir-

201 4074 428 4154 cumscribitur,
452 4079 489 4139 ut
519 4097 590 4140 occ
613 4098 640 4139 v.
666 4076 707 4138 10
729 4075 846 4158 optime
868 4076 1120 4156 interpretemur:
1144 4075 1208 4139 und
1230 4098 1320 4140 zwar.

205 4175 339 4242 Confero
362 4181 467 4241 autem
500 4179 698 4260 exsequenti
719 4177 857 4260 stropha,
881 4199 975 4259 quam
997 4177 1069 4241 huic
1091 4179 1323 4243 accuratissime

206 4280 395 4362 respondere
418 4279 458 4343 ad
481 4303 508 4344 v.
534 4281 770 4358 lassandas,
793 4279 1010 4362 respondentis
1033 4301 1139 4344 versus
1162 4282 1322 4346 notionem

203 4383 279 4446 item
300 4383 466 4447 sublimem
488 4387 606 4448 01000
628 4383 787 4465 vulgarem
813 4382 931 4450 Cereris
956 4383 1044 4446 sulci.
1071 4467 1121 4531 2*
